3960 6240
776 321 826 375 DE
844 319 963 374 REBUB
980 317 1184 379 eumeleus
1773 318 1838 373 tots

128 325 200 387 1027

128 457 255 523 caretur,
273 467 330 507 non
361 463 428 505 uero
454 445 526 501 ulii
550 445 643 502 Deum
676 445 865 517 precarentur
897 459 949 516 pro
968 447 1120 514 Atriorum
1133 444 1554 518 passionetranctandaouinta
1566 443 1685 500 decimo
1696 441 1843 502 Kalendas

128 543 305 600 viventibus.
322 540 376 595 Sed
390 538 503 593 utinam
522 537 723 592 protestantes
739 540 768 590 et
782 533 954 603 diligentius
1008 537 1189 607 Septembris
1201 554 1208 593 :
1220 535 1316 593 Sancti
1330 536 1460 608 martyris
1479 534 1592 608 Apapiti
1605 535 1712 590 merita
1728 535 1842 604 nos,lto·

128 633 323 705 exquirerent,
333 635 361 684 et
372 628 484 700 aquius
500 626 715 699 perpenderent
730 640 794 697 ques
807 625 845 680 sit
855 623 955 678 catho-
1008 627 1092 693 minc,
1101 629 1219 698 pretiosa
1230 630 1372 697 tucantur,
1382 628 1410 681 in
1422 625 1520 698 quibus
1531 629 1590 682 tuae
1599 624 1754 693 Maiestatis
1762 639 1841 696 opera

128 722 190 779 lice
206 719 338 776 Ecclesia
354 716 501 774 sententia
512 717 547 772 de
558 714 771 787 sanctis,quam
787 729 955 786 expressam
1007 715 1199 786 predicamus,
1213 723 1266 773 etc.
1284 717 1384 790 Neque
1399 717 1546 789 disparem
1563 713 1710 771 doctrinar
1734 714 1841 786 proles·

126 810 236 867 habent
261 810 290 863 iu
313 807 486 863 Tridentino
506 805 638 862 concilio.
654 802 793 861 Scilicet:
811 826 825 854 a
841 803 954 858 Bonum
1009 804 1121 862 sionem
1139 807 1168 862 iu
1183 806 1361 880 Gregoriano
1376 806 1612 863 sacramentario
1630 804 1738 860 habes,
1757 804 1841 862 Nonis

128 905 215 971 atque
245 897 318 954 utile
346 913 411 954 esse
441 895 612 969 suppliciter
634 911 684 951 eos
708 894 899 962 invocare,et
919 893 956 948 ob
1011 895 1748 969 Februarii:deusquiintcrccctcrapctenttaetue
1759 896 1844 951 mira·

130 989 274 1046 beneficia
285 987 471 1061 impetranda
485 1003 502 1042 a
516 985 573 1041 Deo
589 1002 640 1057 per
655 984 759 1040 Filium
775 985 840 1056 ejus
854 983 955 1039 Jesum
1009 983 1075 1040 cula
1091 984 1174 1041 ctiam
1191 985 1221 1041 in
1235 1003 1303 1042 scau
1316 987 1418 1059 srnpili
1431 984 1577 1042 uictoriam
1591 986 1739 1059 martyrii
1748 989 1842 1042 eontu-

129 1076 288 1134 Domiuum
305 1082 450 1144 nostrum,
463 1075 513 1146 qui
523 1074 604 1132 solus
617 1076 716 1130 noster
731 1074 908 1145 Redemptor
918 1073 958 1144 (et
1010 1074 1079 1144 listi,
1096 1079 1150 1130 eta.
1167 1075 1275 1142 Quinta
1289 1075 1433 1132 Kalendas
1461 1075 1653 1148 Septembres
1672 1091 1679 1130 :
1698 1076 1784 1142 Deus,
1799 1077 1844 1148 qui

130 1167 273 1233 Salvator)
296 1171 351 1234 est,
370 1167 405 1223 sd
431 1181 532 1222 eorum
559 1165 717 1232 orationes,
733 1179 817 1236 opem
832 1168 859 1217 et
875 1160 957 1218 auxi·
1011 1163 1120 1219 beatum
1135 1166 1287 1223 Hermetem
1301 1169 1454 1238 martyrem
1468 1172 1548 1221 tuum
1560 1165 1667 1221 uirtute
1681 1174 1843 1222 constantia

132 1255 207 1312 lium
229 1257 384 1328 confugere
409 1255 501 1328 (Coae.
518 1254 605 1325 trid,
619 1270 685 1321 sess,
700 1254 782 1324 25).»
809 1252 882 1308 Hine
905 1250 956 1307 he·
1010 1255 1159 1323 ralrorartr',
1180 1259 1235 1311 etc.
1256 1255 1344 1311 Plura
1370 1255 1515 1311 habentur
1543 1256 1573 1310 iu
1603 1255 1843 1311 Sacramentario

131 1346 184 1403 hes
195 1363 248 1402 uos
259 1350 624 1417 agnoscereetexspectare
636 1344 672 1400 ab
685 1361 743 1400 uno
755 1341 958 1414 Declargitors
1011 1341 1145 1409 Gothico,
1161 1348 1189 1400 et
1214 1345 1243 1399 in
1268 1343 1380 1401 Missali
1406 1345 1596 1415 Francorum,
1614 1344 1666 1401 sed
1686 1342 1759 1400 nole
1774 1345 1846 1403 ultra

131 1437 275 1510 quidquid
285 1437 353 1494 boui
365 1441 394 1492 et
403 1436 566 1510 gratiarum
577 1436 606 1491 in
619 1452 672 1492 nos
687 1439 796 1505 manat,
809 1438 860 1490 eut
875 1450 892 1488 a
906 1448 957 1486 no·
1011 1431 1119 1505 vagari.
1130 1433 1206 1488 Satis
1222 1433 1283 1490 haec
1299 1439 1380 1505 sunt,
1396 1439 1428 1489 ut
1451 1435 1576 1508 quisque
1593 1433 1751 1505 intelligat
1766 1434 1845 1490 dam·

131 1527 178 1583 bis
192 1531 339 1599 speratur.
352 1531 425 1583 Tum
437 1527 527 1583 discis
539 1543 621 1599 spem
636 1524 813 1598 impetrandi
829 1523 915 1580 sitam
928 1523 957 1578 in
1012 1522 1125 1578 nendos
1140 1538 1205 1578 esse
1221 1523 1272 1596 qui
1288 1541 1342 1580 nos
1361 1524 1503 1580 damnant
1531 1525 1613 1597 quod
1643 1523 1846 1598 glorificemus

131 1616 245 1673 Christo
261 1617 386 1673 Domino
400 1635 407 1674 :
419 1634 486 1673 nam
498 1615 609 1688 eclipsi
626 1616 719 1672 sancti
731 1615 760 1670 in
772 1612 853 1670 coelis
864 1613 957 1668 Deum
1010 1617 1103 1668 Deum
1117 1611 1146 1667 iu
1162 1613 1255 1668 sancti
1272 1613 1347 1683 ejus,
1366 1614 1441 1685 quod
1468 1612 1549 1669 illius
1573 1614 1657 1669 dona
1683 1629 1720 1669 ac
1747 1613 1844 1670 trium·

130 1722 182 1779 per
206 1706 398 1762 Mediatorem
415 1712 549 1762 nestrum
565 1709 733 1777 precantur.
751 1703 842 1760 Sicuti
860 1707 957 1757 autem
1013 1701 1132 1775 phasin
1149 1702 1242 1758 beatis
1258 1701 1322 1758 coeli
1337 1703 1451 1759 civibus
1467 1702 1662 1759 honoremus.

128 1794 174 1851 vel
189 1812 223 1852 ex
237 1796 421 1852 contessions
444 1793 672 1851 protestantium
688 1793 832 1866 ipsorum,
847 1791 956 1846 bonrum
973 1836 997 1903 B
1047 1828 1089 1883 Ad
1106 1832 1277 1884 sanatorum
1290 1845 1408 1900 quoque
1423 1828 1627 1902 patrocinium
1643 1828 1843 1902 consumas,

131 1889 219 1957 atque
231 1885 359 1942 utileest
347 1882 957 1941 tuoscommendareoretionihussancto-

131 1991 197 2030 rum
209 1973 367 2031 viventium
373 1991 484 2044 ,neque
497 1990 547 2046 per
557 1974 629 2029 hoo
624 1972 731 2045 injuria
746 1971 861 2027 Christo
872 1970 958 2026 inler-

130 2070 188 2135 tur,
197 2064 238 2119 ita
248 2062 321 2119 nihil
335 2064 446 2136 deperit
458 2061 593 2135 dignitati
604 2061 782 2118 sanctissimi
790 2059 897 2116 Media
886 2056 957 2113 toris

130 2158 198 2210 nost
200 2153 235 2218 ri,
247 2153 271 2208 si
287 2153 323 2208 ad
340 2153 531 2209 sanctorum'
524 2169 554 2207 tn
570 2150 651 2207 caelis
667 2167 734 2208 eum
751 2151 815 2221 ipsa
833 2164 957 2219 regnan·

130 2244 204 2299 tium
217 2242 365 2299 orationes
377 2240 739 2314 confugimustiturgiam
749 2236 957 2312 ergcconsule3

130 2331 184 2401 ibi,
195 2348 260 2404 quae
273 2331 312 2387 sit
326 2332 464 2388 Ecclesiae
480 2348 564 2388 mens
581 2332 609 2386 in
635 2328 716 2386 cultu
732 2335 761 2386 et
776 2328 958 2385 invocatione

130 2427 311 2495 sauctorum,
328 2424 467 2481 centinuc
483 2422 639 2495 intelliges.

168 2553 267 2623 ltaque
295 2555 411 2608 sanctos
436 2549 571 2623 religioso
595 2549 676 2605 cultu
692 2547 843 2605 ethonore
860 2564 958 2621 prese·

131 2640 263 2714 quimur,
279 2641 398 2697 lestivos
411 2640 473 2696 dics
489 2640 518 2695 in
535 2655 637 2695 eorum
650 2637 958 2695 memoriamcelehra·

131 2745 208 2795 mus,
220 2729 399 2785 sacrificium
411 2745 528 2801 quoque
544 2729 573 2783 in
589 2743 690 2784 eorum
706 2727 845 2782 honorem
863 2725 959 2781 otieri-

1011 1933 1112 1988 qerum
1124 1934 1179 1975 uos
1188 1918 1630 1977 orationihuscourmeudantes.
1636 1919 1842 1991 atquepactct

1010 2011 1099 2063 Sacra
1113 2006 1234 2079 liturgia
1248 2007 1300 2064 tibi
1316 2008 1469 2065 indicabit.
1481 2006 1560 2063 Nihil
1578 2007 1705 2064 uobis
1685 2025 1707 2063 ιι
1720 2008 1844 2065 conterre

1011 2101 1146 2171 possunt
1154 2097 1247 2155 Deum
1258 2099 1463 2154 tantummodo
1474 2102 1669 2169 rogamua,ut
1681 2098 1722 2153 cb
1734 2097 1843 2155 illorum

1012 2203 1113 2259 preces
1136 2193 1225 2260 atque
1249 2187 1491 2245 intercessionem
1508 2205 1562 2244 sua
1579 2187 1610 2243 in
1626 2204 1685 2244 nos
1710 2186 1845 2244 beneficia

1012 2276 1155 2334 eltuudat.
1164 2281 1246 2350 ipsas
1257 2278 1345 2334 etiam
1357 2295 1457 2335 eorum
1471 2277 1714 2350 supplicationes
1723 2278 1781 2333 vim
1794 2293 1845 2335 nou

1012 2365 1097 2423 aliter
1111 2366 1263 2424 habituras
1279 2369 1439 2434 credimus,
1451 2368 1509 2424 nisi
1525 2384 1578 2439 per
1592 2368 1792 2426 Mediatorem
1800 2366 1845 2424 lici

1012 2460 1040 2512 et
1052 2455 1206 2512 hominum
1220 2457 1370 2514 Christum
1381 2456 1482 2514 Jesum
1492 2457 1594 2513 divino
1603 2457 1691 2513 Patri
1707 2457 1845 2513 sistantur

1012 2550 1040 2602 et
1051 2547 1305 2603 commendentur.
1323 2551 1477 2619 Propterea
1488 2563 1553 2603 mos
1563 2553 1612 2604 est
1622 2545 1778 2611 Ecclesia,
1790 2564 1847 2603 ore·

1012 2636 1118 2705 tiones,
1134 2654 1207 2708 quas
1222 2638 1251 2693 iu
1266 2654 1368 2695 eorum
1382 2637 1622 2694 solemnitatibus
1639 2637 1680 2693 ad
1698 2637 1794 2694 Deum
1808 2637 1845 2692 di·

1014 2726 1149 2800 rigimus,
1165 2727 1209 2783 uti
1225 2736 1251 2784 et
1268 2727 1297 2784 iu
1311 2728 1378 2785 aliis
1394 2728 1611 2797 occasionibus,
1629 2732 1780 2785 consueta
1793 2729 1845 2784 lor·

132 2835 216 2887 mus;
229 2821 278 2874 sed
289 2819 434 2890 praecipue
446 2817 516 2873 utin
528 2814 960 2888 eishonoreturetgloritlcelur
1013 2817 1093 2873 mula
1104 2817 1355 2875 concluderetPcr
1364 2817 1513 2875 Dominum
1524 2820 1618 2876 tasum
1631 2818 1845 2888 Christumctc.

132 2906 221 2974 Deus,
233 2925 284 2980 per
294 2908 379 2977 cujus
390 2908 516 2980 gratiam
528 2907 643 2963 etdoua
653 2912 785 2962 sanctam
797 2905 839 2960 illi
850 2906 959 2962 duxere
1014 2907 1168 2978 Ejusmodi
1195 2908 1367 2982 coniugium
1383 2909 1420 2966 ad
1435 2913 1565 2979 sanctos,
1581 2907 1733 2966 emiorum
1765 2922 1845 2979 reguo

133 2997 237 3062 vitam,
253 3003 305 3054 aut
320 3014 371 3070 pro
386 2997 500 3054 Christo
517 3001 663 3053 tormenta
676 3013 708 3053 ac
724 3001 847 3052 mortem
870 2995 960 3052 susti·
1014 2996 1131 3070 politos,
1148 2998 1290 3071 impedire
1305 3015 1363 3056 non
1381 3015 1539 3072 possumus
1554 3000 1627 3071 quin
1646 2998 1846 3055 Protestautes

134 3086 515 3160 uuere,drgn1queceelestr
532 3086 713 3143 beatitudine
739 3091 809 3145 sunt
833 3085 911 3143 tacti.
928 3087 960 3140 ln
1013 3085 1191 3157 improbent,
1207 3087 1292 3160 quasi
1317 3088 1431 3160 piorum
1452 3088 1606 3145 homiuum
1633 3088 1806 3157 inventum,
1819 3093 1844 3144 st

131 3177 365 3233 Sacramentario
380 3178 525 3233 Leouianu
538 3176 733 3234 bachabatur
749 3177 888 3249 prelatio:
896 3178 995 3287 γενεῦ
1015 3175 1096 3233 nullo
1104 3194 1255 3234 sacrarum
1266 3177 1441 3237 Litterarum
1454 3177 1581 3234 iulcrc
1553 3195 1673 3235 nixum
1678 3177 1844 3252 ltaneergo?

130 3267 261 3339 dignum
276 3269 342 3324 Tuas
357 3267 442 3332 enim,
460 3269 585 3336 Domine,
597 3269 723 3334 uirtutes,
740 3271 856 3339 tuasque
871 3268 956 3322 victo·
974 3238 1262 3340 Atnosdogmatis
1275 3268 1538 3341 hujusvestigiain
1551 3267 1843 3341 apocalypsiasten·

131 3358 188 3412 rias
204 3358 380 3414 admiramur
381 3358 664 3429 ,quatiesindeatesia
679 3365 728 3413 tuo
741 3356 960 3413 horemdierum
1014 3355 1124 3425 dimus,
1128 3357 1176 3413 uhi
1185 3359 1598 3416 commemoranturorntiaues
1600 3355 1785 3432 ,npnasupai
1786 3376 1844 3415 saur·

129 3449 201 3519 sesto
215 3449 400 3515 celebrantur,
419 3462 484 3521 quos
499 3447 623 3520 insignes
638 3451 824 3516 centaurorum
850 3455 960 3503 tuorum
1014 3447 1155 3515 storum,
1149 3465 1178 3503 tu
1194 3448 1275 3505 ooelis
1291 3464 1358 3504 cum
1374 3448 1489 3506 Christo
1517 3449 1725 3519 regnantium,
1741 3450 1844 3521 quihus

135 3546 160 3595 et
175 3543 330 3610 martyrum
345 3539 444 3610 palmae
459 3537 494 3593 ad
507 3553 656 3610 perennem
668 3538 843 3602 memoriam,
858 3538 960 3595 solent·

136 3642 252 3699 ncmque
276 3627 406 3684 letitiam
431 3627 559 3698 fidelibus
580 3628 691 3699 papulas
713 3628 955 3683 tarraconensia

132 3715 225 3772 altera
240 3715 348 3788 legitur
363 3732 370 3770 ε
390 3717 456 3773 Vere
468 3716 595 3789 dignum.
613 3718 668 3786 Qui
683 3731 737 3773 non
752 3717 842 3773 solum
856 3721 962 3788 ruartp-

131 3823 206 3876 rum,
219 3805 265 3861 sad
281 3805 366 3863 ctiam
378 3811 566 3879 consessorum
581 3812 734 3877 lacrumas
750 3809 857 3863 uirtute
872 3809 960 3864 mira·

130 3895 207 3952 bilis.
223 3895 318 3952 Alium
333 3897 432 3969 accipe
449 3915 455 3954 :
476 3899 539 3953 Vere
553 3897 679 3967 dignum.
698 3897 729 3953 Te
743 3912 818 3953 curm
842 3898 962 3954 laudant

129 3990 156 4041 et
167 3985 332 4042 benedicunt
343 4002 434 4044 omues
443 3987 535 4042 saneti
546 3989 597 4054 tui,
605 3986 705 4059 petbus
716 3994 742 4041 et
752 3988 781 4041 in
792 3985 962 4056 confessione

130 4075 269 4145 virtutem,
285 4080 312 4133 et
339 4080 370 4132 in
392 4078 522 4148 passione
547 4078 692 4134 uictoriam
712 4075 866 4132 rarrtutiste.
885 4076 962 4132 lnlra

130 4165 191 4223 hec
207 4166 264 4223 alia
280 4168 409 4239 prelatio
434 4167 561 4225 occurrit
578 4185 584 4224 :
604 4168 668 4224 Vere
688 4167 816 4239 dipsium.
833 4166 887 4235 Qui
913 4183 962 4225 nas

132 4254 276 4312 tenturum
290 4263 449 4330 martyrum
462 4257 622 4331 palmento
638 4258 820 4329 diebus,quos
836 4274 887 4314 suo
897 4273 962 4312 sarr·

130 4345 215 4417 quine
228 4347 385 4417 siparaocre,
400 4357 570 4415 venerantes,
584 4349 616 4404 in
638 4352 687 4403 tue
710 4348 837 4405 exaltare
851 4348 958 4416 (exsul-

130 4434 203 4505 tare)
217 4436 354 4505 potentia,
366 4435 397 4490 in
412 4445 467 4502 tuo,
483 4439 610 4504 Domine,
627 4438 727 4492 tribuis
741 4453 848 4508 semper
860 4437 963 4493 honore

1016 3538 1144 3609 prolecto
1156 3537 1229 3592 nihil
1241 3554 1316 3610 opus
1327 3544 1372 3594 est
1381 3554 1465 3595 orare
1479 3553 1531 3608 pro
1542 3554 1575 3594 se
1585 3538 1676 3610 ipsis,
1693 3544 1723 3593 et
1734 3539 1765 3593 iu
1780 3538 1843 3610 ttpi·

1016 3625 1090 3682 stola
1116 3627 1247 3683 secunda
1270 3627 1345 3683 Petri
1360 3628 1397 3699 (tl
1407 3629 1484 3684 Patr.
1500 3645 1520 3694 t,
1535 3625 1593 3699 15),
1608 3632 1640 3682 et
1666 3628 1696 3683 in
1722 3626 1845 3686 secunde

1015 3715 1248 3773 ttaehaboeorum
1278 3715 1354 3773 libro
1383 3717 1418 3788 (tt
1442 3717 1568 3773 duchat.
1583 3734 1646 3782 xre,
1664 3716 1723 3788 ll).
1741 3716 1843 3773 Deinde

1016 3805 1460 3877 antiquitatemconsuetudinis
1491 3807 1579 3878 hujus
1608 3807 1648 3862 ad
1678 3805 1751 3878 ipsa
1779 3821 1845 3878 pene

1015 3896 1214 3969 apostolorum
1223 3896 1545 3968 temporadeducimus,
1553 3900 1648 3953 testes
1659 3894 1690 3953 in
1702 3897 1782 3953 hauc
1791 3911 1845 3952 mm

1015 3985 1189 4043 adducendo
1218 3987 1372 4054 Irenaeum,
1387 3985 1553 4058 Origenem,
1570 3984 1770 4057 cyprianum,
1785 3993 1843 4040 tum

1015 4073 1146 4146 reliquos
1162 4076 1260 4146 quarti
1273 4084 1301 4131 et
1317 4076 1410 4147 quinti
1427 4072 1526 4132 seculi
1543 4074 1657 4130 Patres.
1673 4079 1774 4133 Hasce
1789 4075 1843 4130 ido·

1016 4180 1087 4223 neos
1102 4169 1193 4220 testes
1217 4165 1242 4220 si
1267 4164 1486 4237 superstitionis
1502 4169 1654 4236 patronos,
1670 4172 1728 4221 aut
1742 4164 1846 4235 supina

1015 4254 1188 4326 ignorantia
1200 4270 1266 4311 reos
1275 4253 1591 4327 traducere,simulqua
1602 4255 1791 4326 primitivam
1801 4255 1845 4310 Ec·

1016 4343 1135 4401 alesiam
1147 4343 1395 4415 prevaricationis
1407 4349 1475 4400 ncta
1485 4358 1643 4416 aspergere
1653 4343 1846 4410 retinetene·

1016 4434 1101 4489 ritate
1118 4451 1175 4490 uon
1192 4439 1332 4504 careant;
1359 4441 1388 4491 et
1401 4433 1591 4506 potissimum
1608 4440 1776 4506 postquam
1790 4433 1847 4490 eri·

101 4588 103 4592 Α
131 4523 264 4593 paudere.
279 4528 353 4578 Tum
370 4523 430 4580 hae
447 4524 504 4580 elia
521 4540 528 4580 z
545 4525 617 4580 Vere
637 4528 764 4597 dr'poum.
782 4527 918 4594 Quoniam
932 4531 963 4582 te
1016 4524 1363 4581 deuterdemonstratum
1375 4524 1510 4592 estnihil
1523 4524 1644 4582 nificare
1653 4525 1809 4581 sanctitati
1818 4539 1847 4580 aa

130 4629 158 4671 es
169 4614 308 4683 puriores
319 4615 349 4669 in
359 4613 474 4685 sanctis,
486 4616 584 4686 quibus
598 4623 623 4670 et
639 4617 669 4670 in
683 4616 877 4683 persecutione
891 4621 917 4672 at
932 4618 962 4671 in
978 4597 1001 4662 ll
1018 4613 1156 4669 doctrines
1173 4613 1322 4686 religionis
1337 4614 1512 4670 Christianae
1522 4613 1637 4671 cultum
1649 4619 1680 4671 et
1692 4615 1846 4671 invocatio·

128 4706 256 4776 passiane
264 4702 411 4760 uictoriam
419 4702 747 4761 coartatisti.Occurrunt
758 4706 797 4761 ibi
809 4706 963 4778 complura

130 4792 304 4851 alialocaiu
315 4794 449 4850 eamdem
466 4794 643 4851 seutentiam
660 4795 962 4852 convenientiat’aria

130 4882 278 4940 hahentur
292 4885 322 4940 in
339 4884 494 4941 Gelasiauo
510 4885 755 4941 Sacrurnentario.
773 4885 843 4940 lude
869 4902 962 4955 pauca

132 4973 307 5032 delibemus.
318 4974 415 5031 Pridie
433 4974 502 5031 ldus
517 4974 623 5031 lunias
639 4991 645 5029 :
663 4980 718 5031 Pro
732 4983 892 5031 sauctorum
908 4976 960 5048 Cy·

131 5063 201 5135 rint,
219 5063 345 5133 Nabaris,
357 5074 383 5121 ct
395 5064 512 5122 Nauarii
525 5065 664 5138 sanquine
679 5065 845 5134 uenerando,
858 5065 962 5122 lucetius

132 5152 197 5224 tibi,
214 5156 339 5226 Domine,
354 5156 516 5212 solemniter
539 5156 726 5223 immolamus,
739 5159 789 5212 tua
811 5156 961 5212 mirabilia

129 5246 340 5312 pertractantes,
354 5260 405 5316 per
426 5261 505 5316 quem
530 5244 595 5300 totis
618 5249 659 5301 est
681 5248 800 5316 pariente
827 5247 957 5302 victorio.

134 5330 251 5388 Decimo
267 5334 390 5405 septimo
405 5334 552 5391 Kalendas
562 5335 577 5390 J
583 5335 652 5390 ulii:
663 5334 739 5391 Sicut
750 5335 846 5403 pluries
856 5334 960 5392 diuinae

131 5423 283 5490 potentiam
296 5441 412 5479 manera
421 5441 470 5493 pro
481 5425 584 5480 sanetis
599 5426 690 5481 oblata
706 5427 898 5492 testantur,sic
907 5442 958 5482 no-

132 5509 173 5565 bis
185 5511 507 5582 effectumdtominatnae
520 5513 684 5570 salvationis
695 5514 958 5586 impcndontSexto

133 5600 280 5657 Kalendas
307 5602 403 5659 iulias
421 5619 427 5656 :
446 5605 551 5659 liastias
578 5604 720 5659 altaribus
749 5605 816 5669 tuis,
832 5603 956 5674 Domine,

131 5691 959 5768 ptmatianunrirnpendimurpotcetiumtuaminsanctorum

1019 4719 1085 4759 nem
1100 4708 1274 4760 sauctorum.
1288 4704 1339 4760 ttic
1355 4709 1501 4774 autemut
1514 4720 1606 4777 supra
1623 4704 1848 4776 inuui,iusurgit

1018 4793 1201 4865 Bingbamus
1212 4794 1378 4860 Britannus,
1391 4795 1566 4866 persuadere
1579 4793 1669 4851 nobis
1683 4794 1847 4853 valenense-

1018 4899 1080 4939 rem
1105 4883 1135 4938 in
1161 4883 1291 4954 priorum
1311 4882 1488 4940 seculorum
1503 4882 1637 4941 Ecclesia
1650 4883 1750 4943 luisse
1764 4884 1844 4942 etism

1018 4972 1156 5043 precandi
1181 4976 1273 5029 Deum
1297 4989 1349 5044 pro
1373 4975 1496 5039 sanctis,
1512 4974 1591 5045 qued
1609 4973 1636 5031 is
1652 4975 1801 5034 deducere
1818 4987 1846 5029 ss

1017 5079 1102 5134 posse
1119 5062 1279 5119 arbitratur
1302 5080 1337 5120 ex
1361 5065 1631 5121 constitutionibus
1645 5066 1842 5139 apostolarum

1017 5152 1162 5224 (titum,
1177 5168 1201 5208 e.
1218 5153 1276 5219 tet.
1291 5153 1320 5207 in
1338 5154 1423 5226 queis
1438 5160 1505 5226 post
1527 5155 1790 5214 consecrationem
1803 5171 1844 5210 sa·

1017 5243 1120 5298 cerdos
1135 5243 1175 5297 ait
1193 5258 1199 5296 :
1216 5242 1362 5319 Onesimus
1376 5243 1430 5299 tibi
1443 5259 1494 5316 pro
1508 5244 1639 5302 omnibus
1653 5245 1845 5318 sanchsqais

1015 5332 1116 5390 saeeuto
1130 5332 1296 5404 plcreuarunt
1311 5333 1372 5398 tibi,
1387 5334 1567 5405 patriarchis,
1581 5335 1745 5407 prophetis,
1760 5336 1842 5407 iustis,

1016 5424 1157 5495 apostatis,
1170 5427 1237 5486 etc,
1253 5422 1344 5490 laicis,
1359 5430 1388 5479 et
1403 5423 1529 5480 omnibus
1542 5440 1662 5496 quarum
1676 5432 1711 5482 tu
1725 5426 1796 5483 nosti
1804 5437 1844 5479 aa·

1015 5515 1106 5569 mina.
1123 5513 1197 5568 Tum
1214 5512 1334 5569 subdit:
1354 5514 1485 5571 «Fuisse
1500 5515 1703 5572 universalem
1718 5514 1842 5573 dantesie

1016 5602 1141 5676 praxim,
1157 5618 1210 5673 pro
1239 5601 1389 5672 omnibus,
1405 5603 1521 5661 nemine
1547 5611 1684 5677 excepto,
1702 5622 1795 5671 crare
1808 5619 1837 5660 ex

1015 5691 1481 5768 concordiomniumscriptorum
1492 5691 1844 5755 ecelesiasticorumtesti·
