3960 6240
128 295 187 361 089

762 304 1007 371 monuncourt).
1025 307 1105 369 ΟΔΡ.
1126 308 1201 365 XVI.

1777 299 1832 364 990

130 441 207 495 crau,
222 423 304 496 cujus
319 426 345 481 u
359 424 952 501 voluistidionuntertuuouarronuptueuri.
968 428 994 503 Α
1009 445 1059 485 nar
1075 431 1172 503 priora
1196 428 1330 488 Ecclesia
1352 427 1459 485 secula
1485 427 1632 484 neminem
1657 427 1829 496 credidisse,

133 513 166 569 ln
180 513 326 571 Leoniaoo
343 515 378 571 ad
395 516 518 571 missam
542 516 570 585 3,
594 533 695 575 mense
716 518 905 592 Septembri:
923 520 954 576 llt

130 618 186 663 noo
200 618 283 659 ruuu
309 619 508 663 sacnouenruu
523 622 578 661 non
601 608 639 663 sit
653 607 731 664 notis
745 617 839 665 reuttu
854 606 889 665 ud
902 623 956 680 un·

132 708 211 760 nom,
226 690 273 751 sut
301 691 351 763 tint
379 693 538 751 intercessio
562 695 751 757 eorummet
774 696 904 765 ueniam·
918 695 955 755 sit

129 780 247 837 abolitio
260 783 447 852 peecatorum.
465 789 521 841 eto.
538 784 632 841 Simili
646 785 884 848 oraticnaadhue
896 786 954 843 uti·

130 872 181 927 tur
195 867 324 925 Ecclesia
340 868 472 926 Romana
487 870 515 927 iu
531 871 771 945 Quadragesima.

165 958 208 1017 Ad
225 959 488 1023 sacramentarium
505 961 694 1019 tteluaiunum
713 964 849 1036 procedo.
866 967 898 1025 ln
909 963 956 1023 Vi·

129 1046 406 1120 giliaTbeopbnniae
418 1049 524 1119 legitur
540 1067 547 1104 ε
565 1051 658 1107 tritus
669 1069 839 1125 quesumus,
856 1056 953 1112 Domi*

129 1153 176 1201 ne,
192 1139 223 1193 ut
232 1155 290 1195 auu
304 1140 485 1209 presentium
497 1157 659 1197 ruuoaeuns
673 1159 954 1213 sarxnrrvo1rs,ersu·

128 1243 237 1292 uanus,
247 1243 326 1293 ouem
343 1230 655 1289 lemuresotemntmtn
668 1231 717 1305 piu
732 1236 953 1307 muneropraelo·

127 1320 261 1388 quantur.
278 1316 360 1375 deria
374 1321 392 1375 2
408 1324 473 1391 pont
503 1320 683 1377 Dominicam
700 1323 859 1381 secundam
876 1327 953 1392 Qua·

127 1405 313 1479 dragesima,
330 1411 359 1463 et
375 1406 402 1462 in
417 1408 594 1481 Gregoriano
604 1410 877 1475 Dominicadecima
888 1419 955 1486 pont

126 1497 321 1552 Pentecosten
334 1512 341 1551 :
353 1496 471 1553 Concede
481 1498 561 1554 nobis
571 1504 639 1570 bec,
650 1516 816 1572 quesumus,
826 1503 953 1571 Domine,

124 1587 303 1656 trequeumre
317 1586 458 1657 mecurio,
468 1589 534 1660 quio
545 1591 649 1660 quoties
667 1607 749 1649 ausus
764 1609 868 1649 nosrne
886 1594 953 1650 eele-

127 1672 223 1731 irretio
248 1685 486 1745 commemoratur,
515 1693 583 1749 opus
622 1681 723 1739 nostre
752 1699 952 1741 nanuummma

1010 535 1060 589 per
1075 520 1251 577 sacrificium
1268 518 1370 577 altoris
1384 517 1475 575 Deum
1493 517 1552 573 lieri
1571 516 1830 589 occipitiumfideli-
1926 585 1930 594 ,

1008 606 1065 664 buu
1079 609 1152 664 vivia
1168 613 1255 680 atque
1271 606 1429 663 defunctio.

1044 696 1146 753 Purem
1165 698 1201 754 de
1215 698 1367 755 incruento
1378 694 1521 751 sacrificio
1542 694 1705 751 doctrinam
1715 693 1832 752 exbibet

1008 786 1275 843 sacramentarium
1292 784 1479 843 Gotbicumo
1499 782 1658 839 venerabili
1682 783 1831 840 cardinale

1008 875 1168 931 Thomasio
1187 876 1311 931 editum.
1330 875 1372 930 lbi
1390 873 1448 929 heo
1468 873 1599 946 prelatio
1624 873 1654 929 in
1674 872 1831 931 traditione

1008 967 1156 1039 symboli:
1174 967 1277 1023 Adurni
1290 983 1352 1038 ereo
1373 965 1510 1041 (Christe)
1533 981 1670 1036 rounmus,
1686 974 1712 1021 et
1725 965 1754 1020 in
1771 980 1831 1021 me·

1007 1055 1085 1112 dium
1100 1058 1188 1112 nentri
1211 1056 1334 1125 mistum
1356 1066 1381 1112 et
1405 1057 1454 1128 qui
1474 1071 1524 1110 uos
1542 1065 1607 1111 tune
1631 1054 1768 1126 repornsti
1779 1069 1831 1126 per

1007 1160 1124 1211 erucem,
1141 1163 1194 1202 rna
1208 1163 1293 1202 rsrrm
1309 1161 1507 1203 iuuenumrun
1519 1161 1609 1201 novun
1625 1163 1658 1201 er
1671 1158 1829 1201 auunomeut

1007 1234 1107 1291 iterum
1125 1236 1217 1302 tonsor
1232 1251 1343 1307 repom.
1367 1238 1399 1290 ut
1423 1242 1447 1290 te
1469 1233 1601 1290 aduenire
1613 1236 1642 1289 in
1657 1237 1759 1289 nostris
1773 1250 1831 1290 eor-

1007 1322 1086 1380 dibus
1101 1324 1403 1393 contemneremus
1422 1325 1530 1381 obuium
1544 1325 1596 1391 tui,
1616 1327 1670 1381 eto.
1688 1323 1719 1379 ln
1731 1323 1830 1395 vigilia

1009 1413 1158 1471 Puacbatia
1175 1432 1181 1470 :
1198 1416 1229 1473 llt
1245 1416 1274 1471 in
1289 1415 1367 1470 nobis
1383 1431 1436 1470 noo
1459 1413 1654 1484 recipientibus
1669 1429 1827 1470 reuocans·

1006 1520 1063 1559 rou
1078 1519 1175 1574 nucem
1186 1520 1268 1577 quom
1281 1519 1434 1574 speremus,
1460 1503 1617 1559 babeamus.
1633 1503 1668 1559 ill
1685 1503 1713 1558 in
1729 1504 1830 1574 praela·

1007 1591 1087 1649 tione
1104 1609 1111 1647 :
1129 1593 1248 1664 Diqnum
1261 1593 1405 1662 etinctum
1419 1595 1468 1662 est,
1485 1608 1533 1647 nos
1548 1592 1597 1649 tili
1611 1591 1707 1651 leudes
1726 1591 1828 1663 meere,

1006 1691 1032 1739 at
1055 1697 1169 1739 noerius
1192 1699 1349 1750 iuuabunt,
1364 1687 1419 1739 etc.
1436 1683 1468 1739 Tn
1481 1698 1605 1750 erumna,
1622 1685 1652 1736 ut
1668 1697 1722 1737 noc
1737 1697 1828 1737 auom·

127 1768 283 1821 eeerretur,
300 1765 383 1822 Feria
398 1766 414 1821 l
428 1772 495 1839 post
505 1767 616 1827 Pascha
632 1768 772 1842 :Sutrium
784 1787 951 1846 quesumus,
968 1792 991 1867 B
1006 1787 1100 1828 ricruu
1115 1776 1163 1827 tuo
1173 1772 1363 1828 benedictione
1379 1771 1533 1837 benedices,
1561 1779 1587 1827 et
1601 1770 1725 1842 Spiritus
1738 1771 1829 1828 suncti

128 1852 254 1922 nemim,
271 1872 383 1912 uosrrna
407 1873 608 1915 nanumrrroms
630 1858 770 1926 inmune,
785 1866 840 1917 etc.
863 1862 899 1919 'ot
923 1863 952 1923 in
971 1862 976 1869 '
1008 1862 1050 1917 tui
1061 1876 1123 1917 rore
1136 1859 1297 1932 perturodm,
1314 1862 1396 1917 utsii
1410 1861 1536 1916 omnibus
1551 1862 1677 1929 tonitium
1697 1877 1828 1917 econom-

129 1943 297 2016 praelatione
309 1962 316 2001 :
327 1945 533 2002 circumdantes
547 1948 712 2007 ulturiotus
722 1949 869 2023 uirtutum,
885 1959 913 2010 et
923 1956 954 2011 in
1007 1967 1074 2006 amo.
1091 1952 1123 2007 lo
1135 1949 1181 2005 die
1198 1948 1347 2007 Pambotis
1364 1966 1371 2006 :
1385 1951 1471 2007 Dente
1481 1950 1650 2019 tumulantes
1664 1949 1759 2007 devoto
1779 1966 1828 2022 pes·

126 2049 221 2101 remus
235 2051 302 2091 anm
316 2038 812 2112 ruuncnmrroanitionenloriontev,
827 2045 876 2114 oui
885 2045 955 2116 seip-
1007 2055 1089 2095 unios
1105 2055 1250 2097 eoonrrvou
1274 2055 1488 2096 ruuouonrnuau
1503 2054 1646 2111 muamus,
1669 2042 1725 2094 etc.
1742 2038 1827 2097 Faria

127 2139 194 2179 sum
204 2141 256 2196 uro
266 2125 344 2181 nolis
354 2126 457 2183 obtulit
480 2126 694 2198 immolandum,
710 2136 874 2190 utcouronu
888 2151 954 2191 rous
1007 2129 1023 2185 l
1039 2135 1105 2201 pont
1120 2130 1230 2188 Pascha
1247 2148 1253 2185 :
1270 2132 1319 2187 ilie
1336 2131 1409 2193 onim
1427 2135 1466 2187 est
1487 2131 1561 2186 Aaou
1583 2134 1645 2198 Dor,
1662 2128 1826 2202 uniqens'tur

128 2230 325 2282 nervuum,
341 2232 392 2288 quo
423 2216 459 2273 ud
483 2217 605 2288 percotis
631 2219 767 2292 redoneti
789 2237 893 2293 tumus,
916 2223 954 2287 ud
1006 2219 1182 2288 Filiustuur,
1198 2220 1489 2291 quitollitpecrotum
1505 2218 1623 2287 mundt3
1651 2218 1700 2290 oui
1727 2234 1757 2275 sa
1775 2233 1827 2290 pru

127 2306 263 2365 aeterunm
286 2308 371 2361 citum
404 2323 565 2363 saronicus
596 2324 771 2365 cmcanrmua
798 2327 952 2379 nuncluce,
1005 2308 1232 2381 noiisofferendo
1247 2310 1436 2376 nondeoinit,
1451 2307 1642 2379 nosqueopud
1657 2312 1827 2379 teperpetuu

131 2393 283 2450 Dominica
299 2394 316 2450 3
330 2400 396 2467 post
419 2396 553 2453 clausum
580 2396 698 2453 Paechae
714 2415 722 2454 z
738 2398 819 2466 Deus,
835 2400 886 2472 oui
904 2417 954 2459 nos
1006 2397 1183 2455 aduocatione
1197 2398 1327 2471 defendit,
1335 2400 1384 2470 (Μ’
1398 2414 1542 2470 ”unitam
1566 2398 1685 2455 mittitur
1705 2414 1828 2455 llfflfflal·

126 2497 179 2554 ριν
192 2499 277 2545 nurus
288 2500 433 2541 stentrtclt
445 2485 600 2545 uenerando
611 2491 774 2545 eomnnreio
784 2492 952 2549 uniussum·
1006 2504 1069 2559 run,
1083 2490 1131 2545 sed
1142 2503 1248 2560 semper
1261 2490 1330 2545 uiuit
1344 2487 1459 2552 nocuus,
1475 2492 1532 2544 etc.
1547 2488 1579 2544 lu
1596 2488 1688 2543 missa
1701 2487 1830 2545 domiui·

127 2587 184 2635 me
198 2573 528 2648 Divinottoismrtiotpes
542 2576 664 2649 effecisti,
677 2579 952 2653 etc.lbi,inG1-ago·
1007 2575 1082 2633 cali:
1099 2577 1259 2645 Precemun,
1274 2589 1304 2633 ut
1319 2585 1387 2646 lonc,
1401 2591 1464 2650 quae
1487 2576 1578 2634 obtutu
1600 2579 1667 2632 sunt
1690 2575 1827 2648 tentonus

128 2661 212 2725 riano
228 2662 262 2719 ad
280 2664 384 2720 testum
402 2669 572 2723 sanctorum
588 2664 699 2722 Cosme
709 2672 738 2723 et
752 2667 888 2726 Domiaoi
904 2670 955 2729 :ln
1007 2667 1129 2720 (ΝΜ
1143 2664 1255 2721 nullum
1265 2680 1386 2735 vnqvam
1403 2680 1438 2721 ee
1450 2664 1504 2733 ltin,
1515 2680 1564 2737 pro
1578 2664 1830 2736 quibusuouocno·

127 2755 252 2819 tuorum,
276 2753 399 2820 Domine,
426 2754 545 2825 pretioso
563 2759 650 2815 morte
664 2756 815 2829 justorum,
830 2775 953 2817 arcuum
1008 2768 1055 2808 suo
1069 2756 1248 2825 truncentur,
1263 2756 1387 2811 muneris
1406 2755 1452 2813 sui
1469 2756 1595 2813 ceterum
1614 2769 1673 2810 esse
1695 2753 1831 2825 potiatur.

127 2855 200 2909 cruri
229 2856 305 2897 isrcu
329 2857 500 2912 neroniana,
521 2841 554 2898 de
575 2858 628 2913 quo
646 2845 816 2915 martyrium
838 2848 956 2917 sumpsit
1009 2841 1080 2897 livffl
1098 2858 1105 2897 ἱ
1122 2842 1250 2913 nattum
1266 2841 1317 2901 ¹⁸⁰⁶
1331 2859 1433 2899 munus
1448 2841 1648 2901 mittrmt'dt'ae
1658 2850 1711 2899 Μ
1725 2842 1834 2912 estmoe·

128 2944 211 2987 omne
221 2928 405 3001 principium.
418 2930 510 2989 Nonis
525 2929 671 2995 Octobris,
688 2931 718 2989 in
730 2934 866 2990 loetoSS.
878 2934 954 2995 Mar·
1009 2930 1194 2997 notescunt
1222 2949 1431 2991 timuerimus
1460 2948 1580 2989 vomu
1593 2948 1746 2989 sacnti-“1⁰1⁸
1758 2932 1831 2988 cele·

128 3016 195 3074 eclli
214 3022 243 3075 ct
269 3018 382 3090 lonleii
400 3035 407 3074 z
423 3021 590 3091 ldujestutem
617 3025 699 3077 tuum
723 3023 815 3092 notis,
832 3023 955 3094 Domine,
1010 3022 1103 3088 trare,
1118 3022 1190 3077 siout
1202 3021 1302 3078 obtulit
1317 3022 1450 3080 Dominus
1466 3031 1557 3079 noster
1575 3022 1652 3079 tuus
1664 3020 1789 3079 Ctriotus
1805 3022 1834 3074 in

127 3122 485 3180 consummationum
500 3109 596 3167 reddet
616 3126 779 3169 vuuouanoo
799 3113 954 3184 pluentem,
971 3146 992 3209 C
1010 3109 1149 3167 tornelli
1165 3111 1193 3166 in
1211 3111 1380 3182 praelatione
1393 3127 1399 3165 :
1413 3114 1537 3182 Dionum
1557 3115 1582 3166 et
1597 3111 1706 3181 justum
1720 3115 1769 3178 est,
1785 3109 1836 3164 im·

127 3202 184 3253 etc.
200 3197 231 3253 ln
248 3197 339 3253 minsa
354 3197 525 3256 Dominioali
542 3215 549 3253 ι
566 3198 700 3268 Onuarro,
712 3200 835 3268 Domine,
851 3210 895 3261 tus
909 3220 954 3261 us·
985 3212 989 3219 '
1010 3214 1104 3257 noeusn
1119 3200 1188 3255 Deus
1201 3207 1227 3255 et
1241 3201 1324 3257 Pater
1338 3201 1451 3257 Domini
1465 3200 1555 3257 nostri
1568 3200 1631 3255 lecu
1651 3198 1763 3265 Cirioti,
1786 3195 1836 3268 qui

128 3285 255 3357 protatur
266 3303 441 3356 ruuoonnon,
458 3292 513 3344 eto.
529 3288 710 3357 Sauerrione,
726 3290 851 3358 Domine
863 3291 955 3361 pinon
1009 3291 1129 3359 turmam
1143 3303 1285 3343 nonoretur
1300 3305 1439 3343 ornanum
1455 3287 1613 3355 instituens,
1641 3303 1670 3344 se
1689 3303 1747 3343 rior
1772 3302 1835 3342 raro

128 3376 173 3431 ius
188 3391 312 3443 camme,
329 3379 383 3432 eto.
406 3374 463 3444 lbi,
488 3380 520 3432 ot
541 3376 721 3448 Gregoriuuo
737 3392 744 3432 t
760 3381 889 3450 suscipe,
903 3380 955 3439 Do·
1010 3393 1074 3433 unu
1089 3392 1216 3446 ooroorr,
1241 3385 1267 3433 et
1294 3392 1376 3433 onina
1403 3392 1502 3437 uocum
1529 3392 1638 3433 nerem.
1665 3376 1696 3431 ln
1720 3373 1834 3431 Miseali

127 3466 216 3530 mine,
231 3465 397 3535 propitiatus
412 3482 538 3535 nosram,
551 3464 652 3536 quibus
664 3473 689 3522 to
703 3467 819 3536 plurari
832 3466 955 3535 uoluisti,
1010 3480 1129 3536 quoque
1143 3465 1351 3537 antiquissimo
1374 3465 1562 3533 Francorum,
1578 3464 1653 3535 quod
1672 3463 1834 3537 prnlauda·

127 3561 155 3609 et
170 3553 247 3609 notis
275 3554 394 3611 sulutem
422 3557 527 3626 potenti
553 3555 655 3625 pietate
677 3555 800 3613 restitui.
820 3556 954 3615 Ibidem:
1010 3557 1059 3608 tun
1074 3552 1233 3619 cardinalis
1257 3553 1413 3625 evulgavit,
1434 3552 1495 3609 baec
1510 3552 1649 3624 leguntur
1665 3570 1672 3609 2
1689 3553 1769 3621 Deus,
1785 3553 1833 3608 oui

129 3645 257 3713 promont
273 3659 331 3709 nos,
347 3645 473 3712 Domine,
492 3661 659 3717 quaesumue,
675 3661 776 3705 noem
791 3662 955 3714 sonuerim,
1010 3644 1136 3699 omnium
1150 3641 1352 3713 sacrificiorum
1364 3643 1496 3699 unrutote
1515 3643 1596 3713 finito
1611 3659 1735 3701 uoarrau
1761 3657 1836 3698 nuno

127 3737 156 3789 et
170 3749 238 3796 oum
250 3732 286 3789 ud
296 3733 425 3790 bonorem
434 3735 607 3791 tuinomiuis
619 3736 879 3805 momumento
889 3752 955 3808 pro,
1009 3731 1149 3802 oslerimus
1164 3731 1393 3787 arvernarum
1408 3730 1609 3791 vetustissimo
1620 3731 1708 3787 etiarn
1721 3729 1835 3788 Missali

127 3821 954 3887 titudnenium.Pariunobioexhibetsacramentarium
1010 3820 1252 3893 Gallicanoapnd
1272 3821 1409 3878 eumdem
1434 3821 1643 3879 Thamaneinm
1666 3820 1774 3891 legitur
1803 3821 1833 3875 io

127 3911 351 3981 Gregorianum,
368 3911 397 3967 in
413 3929 469 3983 qrvo
483 3912 519 3969 ad
531 3911 714 3969 Dominicam
729 3913 747 3969 3
761 3912 954 3985 coenragesi-
1008 3913 1095 3966 Coena
1113 3908 1228 3966 Domini
1245 3912 1343 3969 :llum
1358 3912 1448 3984 initur
1467 3908 1647 3976 oblationem,
1668 3925 1754 3984 quom
1780 3906 1834 3965 tibi

130 4018 183 4056 mre
197 4001 255 4055 beo
270 3998 426 4056 habentor.
438 4001 504 4057 Heu
520 4017 631 4066 noerio,
650 4003 778 4070 Domine,
788 4019 953 4075 quesumus,
1009 4000 1149 4071 offerimus
1164 4001 1195 4056 ot
1210 3999 1283 4057 diem
1298 3999 1400 4070 iejunii
1416 3998 1505 4057 Coenon
1523 4001 1636 4056 Domini
1657 4001 1688 4055 in
1711 4017 1764 4074 quo
1778 4005 1834 4060 Du·

128 4087 243 4145 mundat
255 4092 353 4144 nostru
378 4088 490 4152 delicto,
514 4093 541 4144 et
559 4105 732 4147 aucurrrcruu
757 4107 955 4149 ceoeunuvunu
1009 4087 1102 4143 mirtua
1116 4093 1208 4144 noster
1219 4089 1303 4145 lenus
1316 4091 1455 4146 conrnune
1466 4087 1553 4151 Filius
1570 4097 1634 4145 tuus
1650 4091 1680 4144 in
1694 4106 1762 4146 nouo
1778 4102 1833 4148 tes·

127 4176 303 4234 subditorum
316 4178 370 4235 tibi
382 4193 501 4249 corpore
516 4185 675 4249 mentesque
695 4179 857 4250 sanctificet.
873 4179 955 4239 Feria
1007 4181 1129 4235 tomento
1143 4193 1326 4234 socarrvcsnor
1342 4192 1587 4244 innumerorum,
1606 4180 1673 4243 dum
1693 4195 1792 4248 punem
1806 4187 1834 4238 et

127 4267 229 4337 apost
241 4264 352 4323 Pascha
366 4283 373 4322 ι
389 4267 559 4332 Sacnutcva,
571 4268 951 4338 Dominepuseluulibusnuu·
1008 4269 1194 4339 vinumque
1220 4265 1411 4323 llolclvitedncir
1443 4267 1474 4335 in
1502 4266 1728 4337 praefiourutione
1741 4271 1835 4340 futuri

127 4355 186 4411 diis
202 4371 376 4422 ruuomrun,
386 4356 485 4426 quibus
510 4356 631 4417 Decimio
643 4354 811 4417 mirabiliter
824 4367 850 4415 et
863 4358 952 4427 uuum·
1007 4354 1424 4427 mnstaerttsoeerdmobtutemt,
1444 4372 1472 4415 tn
1497 4372 1694 4414 aucmuunruu
1708 4375 1751 4416 aur
1767 4378 1833 4419 con-

129 4448 176 4500 tnr
191 4452 219 4500 et
233 4448 369 4500 nutritur.
386 4444 563 4503 Dominico8
578 4449 643 4514 post
654 4445 859 4509 Pentecosten:
872 4448 952 4515 Deus,
1008 4462 1127 4501 eoaraer
1141 4460 1517 4503 nonaumrsrmnarouovrr.
1531 4448 1753 4506 Hanceamdnm
1770 4469 1835 4507 oro-

129 4532 179 4605 qui
189 4533 325 4603 leontium
339 4532 526 4605 differentium
541 4536 695 4590 bestiarum
709 4551 790 4591 curce
809 4552 954 4593 securarum
969 4512 992 4577 Ῑ)
1009 4532 1833 4609 tionem‚nticupravidimus,adhibetlmbrovianalitora

130 4640 319 4679 reoraerioua
348 4623 484 4691 sunnisti,
511 4623 608 4694 uccipe
628 4640 806 4680 eucarrrcrom
822 4641 839 4678 o
853 4624 955 4682 deuotis
1011 4622 1069 4695 gia.
1086 4620 1590 4693 DeniqueinGregoriana,Gothica,
1602 4629 1629 4681 et
1641 4627 1832 4697 Mozarabica,

130 4713 186 4768 tibi
199 4712 325 4777 tumulis,
343 4718 398 4767 ato.
425 4711 573 4769 [lominica
596 4713 624 4767 ll
649 4717 715 4784 poat
740 4713 955 4784 Pentecosten;

134 4802 204 4870 Titi,
221 4800 345 4871 Domine,
358 4816 514 4859 ancarrvcm
529 4817 624 4859 orooro
646 4818 826 4866 nroouurun,
843 4818 905 4874 quar
918 4804 958 4861 sio

130 4891 172 4945 nd
186 4889 317 4946 loonorem
337 4893 458 4947 nominis
481 4890 524 4947 tui
547 4891 700 4962 deierando
715 4891 849 4959 tribuisti,
865 4897 897 4949 ut
911 4910 957 4950 eo·

130 4979 194 5034 dem
217 4980 339 5037 remedio
361 4979 425 5050 fieri
445 4990 539 5037 nostru
553 4990 709 5048 prestares.
730 4982 885 5038 Dominica
900 4981 957 5038 13:

131 5068 261 5135 tinomao,
278 5084 444 5140 quesumus,
459 5068 585 5136 Domine,
599 5071 739 5140 propitius
754 5071 874 5141 intende,
888 5087 958 5142 quus

131 5158 220 5212 saeris
245 5157 383 5214 ultoribus
408 5159 559 5226 enitemur,
585 5167 615 5214 ut
642 5159 722 5215 nobis
752 5159 957 5229 indulcentium

130 5245 287 5313 tormento,
302 5249 349 5302 tuo
363 5245 472 5303 nomini
487 5248 552 5303 dent
569 5247 709 5303 bonorem.
736 5252 767 5302 ln
786 5250 876 5306 missu
892 5264 957 5322 ape·

131 5335 199 5391 ciali
216 5335 377 5392 sacerdotio
392 5353 399 5390 :
414 5337 569 5393 Saonrrrcn
579 5338 734 5407 mnenon,
746 5353 849 5408 queso,
867 5337 957 5393 Domi·

131 5442 177 5493 roe,
200 5441 327 5493 canario,
343 5441 406 5480 meu
422 5429 554 5496 exponunt
567 5425 709 5495 lueinora,
725 5443 774 5498 per
790 5427 862 5499 quod
878 5429 959 5484 totius

130 5513 233 5570 mundi
243 5515 357 5571 uoluisti
370 5514 497 5569 relanori
505 5522 628 5585 umento.
640 5515 722 5580 Quod
731 5515 857 5588 liturgiae
870 5518 958 5575 desa·

1012 4713 1047 4768 ad
1064 4726 1181 4767 sacrum
1193 4709 1271 4767 diam
1282 4708 1558 4781 Epiphaniaemratio
1569 4711 1626 4767 iata
1636 4715 1773 4769 occurrit:
1781 4716 1832 4771 Ee-

1010 4799 1343 4872 etesiememuemmm,
1353 4799 1479 4869 Domine,
1486 4799 1703 4871 donupropitim
1714 4804 1833 4875 intuere,

1012 4888 1112 4962 quibus
1121 4888 1243 4960 nonium
1252 4904 1366 4954 nurum,
1380 4887 1442 4943 llius
1456 4890 1485 4942 et
1498 4887 1615 4959 myrrino
1622 4892 1773 4961 protertur,
1786 4894 1833 4949 sed

1012 4977 1082 5050 quod
1100 4978 1202 5034 eisdem
1228 4979 1389 5033 muneribus
1412 4994 1597 5047 erumnarum,
1623 4996 1786 5039 rmuounrcu
1801 5002 1833 5041 ar

1012 5084 1140 5124 snurruu.
1151 5066 1224 5132 Quid
1235 5082 1302 5122 vero
1318 5064 1372 5121 bac
1387 5065 1422 5121 de
1437 5082 1468 5122 re
1484 5065 1512 5121 in
1535 5067 1683 5140 llispauiie
1700 5075 1766 5127 onte
1783 5090 1832 5129 an·

1014 5173 1085 5213 num
1102 5155 1209 5213 Christi
1232 5156 1286 5209 595
1301 5154 1477 5224 crederetur,
1499 5156 1615 5212 docebit
1637 5174 1690 5213 nos
1712 5166 1832 5219 nanctus

1014 5243 1503 5316 leanderHispalensiseuiecopus,
1516 5245 1653 5318 inquiens
1665 5263 1672 5302 ε
1686 5271 1700 5298 «
1713 5250 1833 5307 Suerid-

1014 5331 1836 5407 eiacerteidciroopecudumlitabantur,quianonumm·

1013 5422 1226 5487 corrrcruu,hoc
1237 5426 1281 5478 ent
1292 5420 1398 5477 Christi
1411 5437 1517 5493 corpus
1527 5428 1555 5476 et
1566 5425 1835 5501 sanguinemilgu.

1014 5513 1126 5569 rabant.
1136 5511 1223 5568 Venit
1231 5510 1355 5576 Veritas,
1367 5510 1473 5566 umbra
1481 5511 1628 5568 discessit.
1640 5513 1728 5571 Venit
1737 5534 1834 5576 venuu

131 5602 245 5661 crilleio
262 5601 463 5675 propitiatorio
484 5602 700 5670 babent,eonoti
719 5619 835 5677 qnoque
860 5606 959 5663 l‘atreu
1012 5617 1194 5670 cucumerum,
1217 5605 1246 5656 et
1268 5599 1394 5655 cessavit
1419 5599 1499 5656 botin
1513 5602 1659 5673 pecudum
1675 5604 1713 5677 (S.
1730 5607 1832 5664 mund.

132 5708 212 5766 supe
222 5693 418 5759 inculcarunt,
431 5691 471 5749 ita
483 5695 515 5748 nt
525 5692 634 5749 mirum
646 5691 744 5765 eitqui
754 5693 877 5752 uitiator
887 5699 959 5755 Pro·
1011 5692 1101 5763 unu,
1111 5692 1164 5747 el
1178 5689 1270 5762 Dmul.
1282 5687 1419 5747 delnstit.
1439 5687 1534 5764 virm).
1545 5712 1560 5742 n
1581 5693 1676 5765 Atque
1691 5693 1834 5755 bactenuu

132 5786 277 5841 testantes
287 5782 435 5851 inventus,
451 5780 502 5853 qui
518 5782 762 5841 aeribereveritua
776 5783 897 5855 nonsit,
908 5801 961 5857 per
1013 5776 1833 5851 Domana,aliarumqueOccidentaliumllccleuiaruman·
