3930 6240
99 319 153 375 tut
759 319 909 378 nastusi
928 318 1155 375 satsttulutt.
1762 321 1799 377 20

106 443 229 517 pionem
236 445 341 518 (3⁴,)in
358 445 518 504 laborando
528 442 941 519 erravi,alltigebarque,quia
955 440 982 508 Α
999 440 1047 496 bet
1062 439 1107 496 leo
1120 443 1131 496 i
1144 440 1180 496 llt
1194 439 1235 496 ait
1250 439 1338 496 mibi:
1350 439 1434 497 lllals.
1446 441 1548 498 Didixi
1563 444 1598 500 ad
1610 460 1687 501 cum.
1699 446 1818 512 Quare?

113 549 245 591 errorem
261 550 314 590 neo
330 537 458 608 reperire
473 552 526 594 1100
554 537 710 594 emendare
725 536 868 593 valebam,
884 535 939 591 To·
996 529 1339 602 Respondit:Preteritu
1353 530 1399 586 dic
1414 531 1577 601 venithuo,
1592 538 1625 589 ut
1649 535 1750 598 darem
1773 534 1817 592 illl

114 629 178 680 tum
190 640 259 695 ergo
270 625 348 680 diem
360 625 544 699 consumpsi,
553 641 599 683 me
611 627 721 683 frustm
732 625 901 693 concidens,
912 627 941 680 et
994 620 1184 690 manducare,
1195 620 1298 676 videns
1313 637 1380 676 varo
1395 622 1460 691 ejus
1475 627 1606 678 mentum
1623 626 1766 696 sanguine
1777 625 1818 682 iu·

106 711 180 784 quid
196 729 316 785 agerem
329 714 515 787 ignorabam,
530 717 566 773 El
580 732 647 772 gum
666 717 726 773 ferg
742 717 939 786 desperarem,
994 708 1115 776 sechim,
1128 708 1187 764 dtxt
1203 708 1265 765 llll:
1282 708 1356 774 Quid
1372 710 1624 768 cstilocbcdicns
1639 712 1719 768 fuisti
1735 713 1818 784 mihi,

103 816 174 857 eccs
189 818 242 873 per
258 801 416 859 fenestram
433 807 586 876 ingressus
600 804 773 861 adolescens
787 805 828 860 ait
844 802 937 858 mibi:
992 802 1021 853 ct
1050 813 1154 853 carnes
1184 798 1379 854 manducasti.
1395 798 1569 856 Denedictus
1592 802 1743 869 Dominus,
1759 819 1818 859 non

106 888 235 946 Errasti:
247 892 298 948 aad
311 892 432 948 damibi
443 910 518 964 opus
529 892 644 950 utillud
656 894 813 967 corrigam.
827 893 875 951 lio
886 910 937 950 au·
993 887 1050 954 itm
1067 887 1165 943 lriblw
1180 887 1232 942 libi
1250 891 1282 942 1st
1293 888 1430 944 ⁰⁰¹1¹⁰d⁸⁵
1441 888 1538 945 cibum
1556 889 1675 948 Pastum
1686 891 1818 953 carnium

106 983 166 1035 tem
184 980 219 1036 nd
235 979 321 1036 illum
333 998 340 1037 :
352 981 432 1038 vnde
441 981 607 1048 himbria
617 982 671 1040 hoo
682 1002 697 1038 a
709 1001 764 1040 me,
777 984 939 1056 Respondit
992 978 1145 1035 devorator
1156 997 1163 1046 ;
1176 979 1287 1034 recede.
1303 978 1355 1035 llla
1364 995 1431 1034 vero
1442 979 1593 1036 discedere
1603 981 1819 1039 nolebat.'luno

103 1067 180 1123 mibi
197 1073 225 1124 et
241 1070 304 1143 ipse
317 1088 324 1127 ι
337 1070 421 1128 Certe
437 1073 579 1129 damnum
596 1073 649 1128 libi
664 1079 718 1142 est,
731 1074 756 1130 si
774 1073 848 1130 male
863 1089 937 1145 opus

101 1157 207 1214 facias.
221 1158 304 1215 Tunc
314 1160 375 1216 dixi
389 1159 430 1217 ei:
441 1161 505 1218 Noli
520 1163 556 1217 de
566 1162 621 1218 hoc
631 1162 695 1235 ipse
705 1179 806 1219 curam
825 1179 935 1235 gerere,

103 1247 153 1305 stt
165 1247 203 1304 sd
219 1264 267 1305 me
281 1249 396 1306 denuo:
416 1250 701 1324 Misereortui,quia
712 1252 838 1310 laborem
850 1257 935 1309 tuum

101 1336 216 1408 perdis.
232 1337 268 1393 ct
282 1338 422 1412 respondi
437 1338 480 1396 illi
495 1355 503 1396 ι
518 1341 594 1397 Male
609 1341 666 1398 huc
681 1342 798 1409 venisti,
810 1346 839 1397 et
854 1346 896 1408 tu,
907 1345 937 1398 ct

100 1425 155 1498 qui
170 1431 200 1483 te
214 1427 412 1486 adduxerunt.
428 1429 506 1486 Dixit
521 1434 620 1486 autem
646 1431 739 1486 mibi:
757 1432 827 1487 Vere
841 1437 872 1486 tu
889 1447 935 1488 me

101 1515 164 1572 huc
177 1515 339 1582 adduxisti,
355 1521 384 1573 et
400 1534 484 1574 meus
499 1534 541 1575 es.
558 1518 609 1574 llio
630 1518 665 1574 ad
682 1519 765 1575 illum
791 1536 843 1592 ego
857 1537 863 1576 :
877 1520 936 1576 Cur

100 1602 178 1660 boo?
189 1604 353 1677 llespondit
362 1604 411 1662 ille
422 1606 495 1663 mibi
508 1624 514 1663 :
527 1609 601 1674 Quia
610 1612 670 1663 tres
682 1609 745 1664 dies
766 1609 934 1666 Dominicos

98 1692 187 1765 egisti
203 1695 440 1764 communicans,
452 1701 481 1752 et
494 1697 633 1752 inimicus
649 1714 681 1754 es
695 1697 783 1754 vinici
800 1699 853 1755 tui.
871 1698 934 1755 Dixi

98 1787 203 1839 sutem
214 1781 258 1838 illi
271 1800 278 1839 :
294 1784 437 1842 Mentiris.
448 1786 530 1841 Tunc
540 1786 604 1858 ipse
616 1786 687 1842 mibi
700 1803 707 1843 :
720 1792 782 1843 Non
795 1790 930 1857 montium
947 1809 972 1875 B

100 1888 173 1928 nam
191 1877 312 1945 propter
321 1873 495 1931 tenticulum
513 1876 649 1931 iratusea
663 1876 716 1932 illi.
728 1878 763 1933 bt
777 1893 830 1950 ego
852 1893 931 1948 sum,

102 1960 154 2033 qui
164 1978 291 2034 praeaum
304 1962 352 2019 ire
366 1969 394 2019 et
407 1965 555 2020 memorie
566 1965 753 2037 injuriarum.
766 1967 803 2023 lis
825 1970 931 2025 amodo

102 2066 201 2107 meus.
209 2052 285 2108 911
298 2051 359 2109 lllis
371 2068 424 2126 ego
433 2052 553 2124 auditis,
562 2069 771 2128 moxegressus
781 2056 930 2125 cellulam,

98 2140 160 2197 abii
178 2142 217 2198 ad
233 2142 365 2212 fratrem,
377 2148 407 2200 et
422 2150 589 2216 prostratus
604 2145 640 2202 ab
657 2145 707 2203 illo
718 2148 831 2204 veniam
850 2148 931 2220 pelli,
1020 2197 1026 2211 .

98 2230 342 2304 reconciliatique
350 2249 464 2290 sumas.
476 2233 620 2292 Reversus
628 2243 725 2293 autem
737 2237 834 2294 inveni
845 2237 929 2293 illum

98 2320 285 2377 destruxisse
299 2327 328 2377 et
342 2323 507 2393 cepionem,
524 2328 553 2380 st
576 2329 704 2383 stoream
734 2326 763 2382 in
786 2341 846 2399 qua
861 2343 928 2399 pro·

98 2413 214 2466 stratus
228 2411 402 2482 eram,quod
418 2411 555 2469 charitati
571 2419 677 2470 nostre
693 2414 846 2471 invideret.

397 2508 514 2566 CAPUT
531 2510 632 2568 clxtl.

96 2596 252 2668 Responsio
265 2597 374 2653 abbatis
390 2597 519 2655 Theodori
541 2601 717 2672 Pentapolint'
741 2619 824 2675 saper
850 2602 927 2660 sotu-

343 2671 416 2726 tiotte
430 2669 606 2727 abstinentie
620 2673 689 2729 uini.

138 2757 250 2825 Quinto
262 2758 375 2815 decimo
388 2759 426 2815 ab
436 2757 610 2818 Alexandria
626 2761 764 2820 milliario
780 2771 929 2821 monaste·

96 2847 180 2903 rium
192 2852 248 2917 est,
257 2848 463 2920 quodsocutur
473 2847 624 2916 Calamus,
636 2850 712 2906 inter
723 2856 862 2909 Octavum
877 2854 926 2910 de·

95 2937 213 2993 cimum
229 2942 259 2993 et
274 2936 424 3010 Maphora.
437 2940 467 2994 lu
480 2937 535 2994 hou
546 2938 675 2994 vidimus
685 2940 822 2998 abbatem
834 2943 925 2999 Thec-

94 3026 204 3082 dorum
220 3024 478 3098 pentapolitanum
492 3028 567 3100 (erat
581 3033 679 3085 autem
704 3029 858 3088 nobiscum
874 3033 924 3088 So-

92 3114 196 3187 putata
207 3113 405 3187 sophronius)
415 3120 445 3171 et
455 3114 706 3189 interrogavimus
717 3133 782 3173 eum
794 3137 800 3175 :
810 3121 920 3176 Donum

992 1070 1111 1138 accepto
1126 1066 1269 1135 tunicula,
1286 1066 1439 1139 triplicans
1462 1067 1558 1136 illum,
1573 1073 1633 1126 tres
1660 1069 1702 1126 illi
1716 1070 1818 1144 plegae

990 1173 1058 1212 cum
1073 1172 1108 1212 eo
1124 1156 1202 1220 dedi.
1218 1160 1247 1211 et
1265 1157 1395 1213 recessit.

1285 1245 1403 1301 CAPUT
1417 1244 1532 1302 ccxlv.

990 1333 1137 1406 Responsio
1152 1333 1262 1391 abbatis
1275 1335 1388 1462 Victgffis
1402 1333 1531 1417 solitarii
1541 1335 1578 1392 ad
1590 1334 1755 1393 monachum
1765 1354 1818 1410 ps·

1311 1422 1335 1462 st
1360 1423 1493 1462 natatem.

1026 1487 1126 1542 Frater
1140 1489 1221 1543 venit
1236 1489 1270 1543 ad
1287 1487 1422 1543 abbatem
1439 1488 1582 1544 Victorem
1605 1489 1769 1545 solitarium
1786 1489 1816 1546 in

989 1575 1202 1631 monasterium
1216 1575 1318 1643 ltlusae,
1330 1583 1356 1632 et
1373 1575 1446 1630 dixit
1457 1576 1481 1631 ei
1492 1594 1498 1632 :
1510 1576 1584 1643 Quid
1597 1577 1816 1648 laoiam‚Pater‚

989 1665 1059 1736 quia
1073 1665 1243 1720 dominatur
1257 1664 1330 1719 mihi
1347 1664 1444 1736 passio
1462 1664 1731 1736 pusillanimitatis?
1744 1666 1816 1724 Res·

989 1753 1092 1825 pandit
1107 1767 1195 1808 senex
1208 1769 1214 1807 :
1227 1751 1348 1809 Morbus
1364 1753 1469 1808 anima
1483 1759 1538 1811 est.
1549 1754 1629 1810 Sicut
1641 1755 1719 1811 enim
1736 1755 1815 1828 capti

986 1842 1036 1910 [aa
1049 1857 1104 1896 noa
1120 1841 1188 1913 egri
1198 1841 1324 1912 i]oculis
1335 1842 1450 1912 quando
1467 1842 1560 1915 magis
1571 1844 1734 1915 patiuntur,
1746 1845 1814 1917 plus

986 1930 1040 1985 sibi
1057 1931 1193 1985 videntur
1207 1929 1306 1984 lumen
1322 1929 1443 1996 intueri,
1458 1931 1509 2002 qui
1523 1948 1593 1988 vero
1608 1950 1696 1989 sanos
1726 1933 1814 1990 babet

984 2019 1096 2089 oculos,
1112 2020 1281 2087 modicum;
1298 2020 1339 2076 itu
1360 2025 1387 2076 et
1413 2020 1619 2092 pusillanimes
1645 2028 1674 2080 ct
1699 2023 1814 2081 modios

983 2110 1143 2166 tentatione
1153 2109 1211 2166 cito
1226 2109 1485 2181 perturbantur,et
1495 2126 1631 2183 magnam
1650 2112 1730 2169 illam
1747 2128 1813 2171 esse

982 2198 1170 2268 existimaol;
1187 2199 1236 2271 qui
1254 2215 1319 2254 vero
1348 2199 1448 2255 anima
1478 2199 1543 2255 sani
1571 2205 1653 2270 sunt,
1671 2201 1811 2274 magieis

983 2288 1199 2345 tentationibus
1215 2288 1354 2361 gaudent.

1275 2377 1392 2434 CAPUT
1415 2376 1518 2434 CLXV.

1147 2465 1211 2525 Vita
1228 2467 1346 2522 latronis
1360 2468 1515 2538 nuncupati
1530 2467 1651 2540 cyriaci.

1017 2554 1152 2610 Narravit
1166 2555 1287 2627 quidam
1304 2555 1349 2609 vir
1365 2554 1460 2610 lldelis
1489 2557 1525 2612 de
1540 2555 1654 2613 latrone
1670 2559 1809 2630 quodam,

980 2642 1101 2716 cyriaco
1131 2643 1260 2708 nomine,
1290 2644 1341 2715 qui
1371 2643 1525 2701 latrocinia
1553 2646 1704 2702 exercebat
1733 2647 1810 2704 circa

981 2731 1102 2798 Danaus,
1113 2749 1177 2804 qua
1188 2737 1233 2787 est
1248 2732 1407 2805 Nicopolis,
1420 2734 1471 2803 qui
1493 2735 1565 2790 adeo
1581 2737 1765 2792 truculentus
1780 2740 1809 2793 et

980 2820 1122 2877 immanis
1135 2821 1200 2890 luit,
1213 2823 1512 2892 utlupusvocaretur.
1524 2824 1574 2880 llic
1589 2840 1688 2881 aecum
1704 2824 1808 2884 habuit

979 2913 1052 2969 alios
1067 2913 1214 2970 latrocinii
1232 2913 1336 2979 socios.
1353 2930 1411 2969 non
1436 2914 1531 2971 solum
1547 2915 1742 2988 Christianos,
1757 2933 1805 2974 vo-

978 3018 1044 3057 rum
1060 3007 1088 3058 et
1102 3003 1219 3059 Judaeos
1235 3008 1264 3058 et
1279 3003 1503 3059 Samaritamos.
1519 3005 1651 3069 Quadam
1668 3022 1737 3076 ergo
1759 3006 1807 3063 dio

979 3089 1101 3162 proiecti
1114 3091 1308 3164 suntquidant
1319 3107 1354 3146 ex
1364 3108 1435 3163 agro
1446 3092 1618 3164 Nicopclecs
1630 3095 1659 3150 in
1672 3100 1806 3153 sanctam

90 3208 151 3272 m,
163 3207 261 3274 Pam,
274 3203 443 3276 quotiesve,
454 3204 511 3278 ipsi
522 3206 556 3261 ad
571 3205 697 3279 aliquem
710 3208 921 3280 pergimuwl
937 3163 960 3232 C
980 3180 1128 3236 civitatem
1138 3180 1444 3252 magnahebdomada‚
1454 3186 1486 3236 ut
1495 3199 1547 3253 per
1557 3183 1809 3254 baptismumillu·

90 3293 115 3349 ai
133 3292 204 3364 quis
215 3293 298 3349 venit
308 3293 344 3348 ad
357 3309 421 3362 nos,
433 3293 493 3349 viui
505 3294 715 3352 abstinentiam
728 3297 861 3355 solvere?
873 3299 924 3356 lte·

88 3381 214 3455 spondit
231 3381 317 3438 nobis
341 3383 449 3452 senior,
466 3387 496 3439 et
524 3383 586 3439 ait:
602 3383 675 3442 Non.
693 3386 745 3442 aio
772 3392 870 3444 autem
887 3389 923 3445 ad

94 3488 187 3527 eum:
204 3471 237 3526 bt
253 3471 403 3543 quomodo
424 3472 538 3543 antiqui
554 3471 655 3529 Patres
683 3473 859 3532 solvebant?
875 3478 925 3533 lte·

86 3560 213 3633 spondit
224 3574 315 3616 senex
325 3575 332 3613 :
343 3559 460 3632 Antiqui
473 3560 621 3629 Putres‚ut
633 3563 731 3635 magni
740 3568 769 3619 et
779 3570 923 3637 potentes,

87 3656 118 3706 et
134 3647 252 3706 solvere
267 3653 414 3721 poterant,
431 3654 460 3706 et
485 3650 592 3706 iterum
618 3650 710 3724 ligare
722 3669 729 3718 ;
743 3658 844 3710 nostra
858 3671 924 3712 vero

92 3738 258 3810 genamda,
275 3738 340 3807 lilii,
357 3740 468 3795 solvere
482 3754 515 3794 ac
530 3737 620 3811 ligare
636 3757 694 3796 uon
710 3742 839 3800 suflicit:
856 3760 924 3801 nam

91 3828 118 3884 si
131 3828 283 3885 solvamus
298 3826 387 3883 ritum
400 3827 583 3884 abstinentia
594 3836 712 3898 nostre,
725 3847 782 3886 non
795 3832 925 3906 amplius

92 3918 161 3973 vitas
178 3922 287 3974 nostre
302 3915 445 3990 religiose
460 3918 663 3975 austeritatem
678 3920 852 3978 retinemus.

383 4015 498 4072 CAPUT
516 4016 637 4073 CLXlll.

290 4105 348 4160 l't’ta
364 4104 472 4161 obtatis
489 4106 569 4162 Pauli
584 4107 732 4164 Helladici.

130 4191 255 4250 Dicebat
270 4191 362 4249 abbia
376 4191 549 4263 Alexander,
562 4196 733 4252 monasterii
744 4196 923 4268 Calamonis,

94 4281 175 4356 quod
192 4285 237 4339 est
252 4298 343 4355 prope
356 4281 526 4352 iomanem,
542 4281 639 4341 Pater:
651 4285 701 4341 Die
716 4286 844 4357 quadam
856 4304 922 4343 cum

93 4387 194 4430 essem
207 4371 286 4444 apud
301 4370 437 4428 abbatom
449 4369 572 4428 Paulum
584 4371 764 4430 Helladicum
776 4375 805 4431 in
817 4376 924 4450 speleo

92 4460 204 4533 ipsius,
216 4476 284 4517 ecce
299 4459 421 4531 quidam
440 4459 559 4517 veniens
574 4459 711 4532 pulsavit,
727 4481 923 4539 egressusque

93 4549 197 4606 senior
211 4549 328 4622 aperuit
342 4549 380 4617 ei,
393 4553 423 4606 st
437 4549 588 4622 proterens
600 4567 703 4623 panum
717 4559 746 4609 st
760 4555 836 4610 cicer
846 4556 923 4612 iulu-

94 4656 177 4706 sum.
189 4639 288 4712 posuit
303 4644 371 4695 ante
385 4638 482 4705 illum,
493 4643 522 4696 et
534 4640 739 4698 manducabat.
752 4643 810 4716 Dgo
826 4650 924 4701 autem

95 4729 241 4802 putabam
258 4728 327 4801 quia
342 4727 515 4802 peregrinus
529 4733 616 4799 esset,
629 4736 656 4785 et
667 4731 811 4800 aspiciens
823 4750 874 4805 per
884 4736 924 4792 ls-

96 4824 244 4888 nestram,
260 4817 318 4873 vidi
332 4817 402 4890 quia
417 4816 462 4874 loo
477 4824 550 4875 erat.
562 4818 625 4875 Diri
642 4820 740 4890 itaqua
755 4824 817 4878 seni
833 4840 842 4878 :
856 4825 926 4894 Cur,

95 4911 196 4972 Pater,
213 4905 325 4979 prebes
341 4905 382 4961 illi
414 4907 605 4977 manducare,
618 4908 664 4964 dic
693 4909 766 4966 mihi
782 4914 926 4972 causam?

94 4995 200 5061 Quiait
211 4993 298 5052 mibi:
309 4993 382 5062 Quia
394 4994 477 5050 illum
490 4997 629 5052 monuiut
638 4999 784 5056 nominem
798 5000 925 5070 lederet,

92 5101 192 5158 neque
219 5083 385 5152 hominem,
403 5098 499 5155 neque
519 5083 703 5155 jumentum,
718 5088 839 5148 dicens:
855 5090 925 5149 Veni

93 5174 243 5249 quotidie,
254 5179 283 5231 et
292 5173 367 5229 dabo
378 5171 432 5229 tibi
445 5173 545 5231 cibum
557 5179 651 5232 tuum.
663 5179 697 5233 Et
706 5193 772 5235 scos
782 5181 845 5252 jum
860 5200 926 5255 ssp-

93 5265 191 5321 timus
202 5263 252 5319 hio
264 5264 441 5333 mansisset,
452 5264 750 5336 exquobisquctidis
761 5269 887 5336 advenit,
899 5276 928 5328 cl

96 5351 195 5410 duilli
211 5351 401 5409 manducare.

132 5443 266 5500 Rursum
282 5444 348 5516 post
360 5456 469 5514 paucos
479 5439 543 5499 dies
555 5442 666 5514 perrexi
678 5446 714 5502 ad
726 5463 804 5517 eum,
813 5451 927 5521 volens,

92 5534 133 5592 ab
149 5532 201 5590 illo
216 5547 315 5588 emere
334 5547 386 5587 ras
400 5528 558 5601 vinarium,
574 5531 603 5589 id
632 5534 743 5608 quippe
771 5545 832 5596 erat
846 5542 927 5601 senis

92 5638 184 5697 opus,
199 5628 228 5678 et
240 5619 303 5677 dixi
317 5619 345 5677 si
357 5635 364 5674 :
377 5617 452 5684 Ouid
467 5625 523 5688 est,
538 5620 651 5679 Patsrl
666 5627 859 5695 quomodote
875 5630 926 5688 ba·

262 5741 393 5804 Passus.
411 5739 544 5804 LXXIV.

977 3268 1126 3324 minarent
1139 3267 1216 3325 filios
1233 3285 1313 3325 suos.
1326 3270 1408 3334 Quod
1422 3285 1489 3324 cum
1506 3270 1654 3341 iecissent,
1666 3276 1695 3328 et
1711 3287 1806 3329 rever·

976 3355 1146 3412 terenturin
1156 3372 1259 3429 agrum
1272 3373 1371 3425 suum,
1380 3362 1411 3411 ut
1420 3356 1742 3415 celebrarentsanctum
1754 3364 1807 3416 lte·

977 3444 1166 3500 surrectionis
1186 3445 1276 3514 diem,
1293 3454 1483 3501 occurrerunt
1498 3445 1558 3503 illis
1572 3447 1710 3516 latrones,
1722 3447 1806 3520 prin·

976 3532 1039 3604 cipe
1057 3549 1111 3588 suo
1128 3533 1270 3589 absente:
1287 3537 1316 3589 et
1330 3533 1384 3588 viri
1401 3534 1520 3606 quidem
1538 3535 1606 3607 luga
1628 3541 1802 3606 evaserunt;

977 3622 1243 3691 proticiscentem,
1260 3622 1397 3694 proiectis
1427 3640 1522 3695 nuper
1549 3625 1705 3697 baptizatis
1720 3625 1801 3699 filiis,

976 3714 1133 3765 tenuerunt
1150 3709 1259 3765 llebraei
1275 3715 1304 3765 ct
1320 3710 1507 3775 Samaritani,
1519 3712 1725 3769 ethabuerunt
1739 3730 1800 3769 eas.

976 3796 1168 3871 Fugientibus
1184 3798 1275 3870 igitur
1289 3799 1360 3854 viris
1374 3799 1478 3854 obvius
1493 3800 1549 3855 tuit
1559 3800 1705 3857 latronum
1719 3803 1800 3874 prin·

976 3903 1055 3959 ceps,
1072 3892 1101 3943 ct
1115 3888 1156 3943 ait
1172 3885 1250 3943 illis:
1267 3886 1323 3942 Cur
1339 3887 1464 3960 sugitis?
1480 3887 1524 3944 llli
1539 3895 1639 3945 autem
1654 3891 1801 3958 dixerunt,

975 3976 1043 4048 quid
1060 3976 1117 4032 sibi
1129 3975 1309 4047 contigisset.
1322 3979 1447 4032 Sumens
1459 3993 1527 4051 ergo
1538 3976 1604 4034 illos
1614 3979 1693 4035 venit
1703 3980 1738 4034 ad
1752 3995 1800 4036 so·

975 4067 1035 4122 cios
1048 4082 1130 4137 suos,
1141 4065 1352 4138 inveniensque
1365 4066 1492 4123 inlnntca
1504 4067 1534 4122 in
1549 4066 1672 4123 humum
1688 4069 1803 4141 projec-

974 4160 1030 4224 tos,
1042 4173 1108 4212 oum
1120 4155 1288 4212 sciscitatus
1299 4161 1378 4212 esset
1388 4156 1510 4227 quinam
1520 4157 1575 4212 hoc
1586 4156 1803 4228 iecissent‚sce·

974 4243 1804 4319 lerisdecollavitauctores,reddensquavirislllioslnam

974 4350 1090 4400 uxores,
1110 4332 1180 4403 quis
1196 4333 1356 4405 inquinate
1373 4334 1498 4404 luerent,
1511 4335 1636 4407 recipcre
1651 4336 1731 4408 passi
1746 4353 1805 4393 uon

974 4428 1055 4491 sunt)
1065 4421 1189 4478 salvavit
1200 4438 1250 4478 cos
1264 4421 1414 4479 latronum
1424 4423 1574 4496 princeps,
1586 4431 1615 4480 et
1623 4425 1738 4482 reduxit
1754 4442 1806 4482 us-

942 4516 964 4582 Ι)
981 4528 1037 4585 qne
1052 4511 1089 4567 ad
1104 4526 1208 4583 agrum
1224 4511 1401 4567 suum.Post
1418 4512 1567 4568 modicum
1583 4530 1649 4570 vero
1664 4514 1806 4587 temporis

981 4605 1079 4656 tentus
1090 4605 1134 4656 est
1143 4599 1291 4656 latronum
1304 4599 1452 4673 princeps,
1462 4604 1577 4672 egitque
1589 4603 1617 4658 in
1629 4620 1744 4660 carcere
1755 4605 1805 4660 de·

979 4706 1040 4745 cem
1057 4705 1162 4758 annos,
1179 4688 1339 4761 nullusque
1354 4689 1521 4761 principum
1538 4690 1619 4747 illum
1636 4693 1752 4763 occidit,
1769 4693 1805 4749 ad

979 4781 1163 4850 postremum
1179 4781 1348 4833 vernettum
1366 4777 1519 4834 absolutus
1533 4784 1587 4835 est.
1603 4780 1722 4838 Dicebat
1737 4797 1808 4854 ergo

980 4882 1114 4940 semper:
1133 4866 1336 4939 quiapropter
1351 4866 1480 4921 infantes
1493 4866 1558 4924 illos
1571 4885 1702 4925 amaram
1718 4870 1808 4943 ellugl

981 4954 1808 5027 mortem.Aspicicbantenimillustrequenterinsommis

979 5045 1112 5101 dicantes
1126 5044 1197 5100 mibi
1209 5061 1216 5100 :
1228 5044 1291 5100 Noli
1305 5045 1478 5108 timeremus
1490 5061 1541 5117 pro
1553 5050 1581 5100 te
1597 5047 1807 5120 satisfacimus,

982 5132 1079 5190 locuti
1095 5137 1195 5190 autom
1212 5138 1315 5205 postea
1329 5149 1397 5188 cum
1413 5132 1465 5189 illo
1481 5149 1584 5190 sumus
1600 5149 1652 5205 ego
1674 5140 1703 5191 ct
1717 5135 1809 5195 abbas

980 5227 1108 5279 loannes
1125 5222 1277 5295 presbyter
1292 5222 1463 5278 monasterii
1479 5223 1737 5295 Dunucbocum,et
1748 5225 1809 5283 heo

981 5313 1113 5369 camdem
1130 5311 1214 5367 nobis
1231 5312 1292 5383 ipse
1309 5311 1447 5380 narravit,
1463 5311 1633 5383 glorillcans
1647 5319 1749 5371 Deum.

1270 5399 1386 5456 catut
1401 5400 1513 5458 CLllVl.

986 5492 1044 5547 l'tto
1060 5490 1179 5546 latronis
1193 5487 1322 5545 monachi
1344 5488 1433 5560 offecti
1446 5496 1472 5546 ct
1501 5498 1594 5563 posteo
1620 5494 1651 5548 its
1677 5495 1811 5552 saeculari

1269 5559 1367 5616 babila
1381 5560 1523 5619 decolbtt'.

1019 5643 1098 5701 m
1111 5642 1231 5700 Dicebat
1245 5640 1336 5698 abbas
1349 5641 1523 5701 sabbatius:
1534 5643 1607 5702 Cum
1632 5647 1763 5704 sederem
1778 5644 1808 5701 ln

1627 5766 1646 5823 'l
