3960 6240
134 318 188 387 list

783 323 830 385 cc
847 323 965 379 REBUS
982 321 1196 383 thUBGlClfl·

134 450 343 519 argumentum
359 445 416 518 peti
428 462 523 518 posse.
536 446 615 502 idem
628 445 648 501 ii
660 450 796 505 esserunt
806 447 842 503 de
852 446 958 505 seculo
973 447 998 514 Α
1014 446 1171 502 trocinium
1186 443 1342 502 adduxerit
1359 442 1490 511 Pisidas,
1505 445 1596 513 sique
1615 437 1740 496 initium
1756 437 1840 495 dues·

133 536 270 595 emissis
286 538 388 603 tertio;
415 539 443 590 et
467 536 603 608 quumvis
628 536 736 593 oblatio
761 554 811 609 pro
834 538 958 594 mortuis

136 624 608 700 precipuumsaorilioiimissatici
622 624 957 698 preludiumexstiterib

135 730 167 771 sc
180 716 301 782 rituum,
314 714 568 778 ceremoniarum,
584 715 846 787 symbolorumque
868 715 959 771 nimia

133 804 291 873 veneratio,
314 803 350 858 ab
379 803 540 875 apostolica
563 803 752 874 simplicitate
776 809 806 860 et
829 804 958 875 puritate

132 891 276 948 abludens
288 892 453 957 accesserit,
465 891 580 948 nullum
591 898 689 949 temen
701 910 736 948 ex
751 892 957 962 prioribussa-

134 968 209 1039 culis
220 1003 234 1031 α
247 981 282 1036 ad
294 981 411 1052 septimi
423 980 540 1037 initium
553 1003 567 1030 o
579 998 671 1053 usque
688 982 808 1051 produci
825 983 956 1038 testimo-

132 1070 215 1127 nium
227 1087 324 1142 posse,
337 1087 395 1142 quo
405 1070 556 1125 evincatur
567 1075 676 1126 veteres
691 1070 873 1126 Christianos
888 1087 957 1125 «sa-

132 1159 275 1216 crificium
292 1158 528 1231 propitiatorium
546 1180 560 1206 r
576 1157 605 1215 iu
623 1159 714 1215 missa
730 1158 956 1231 agnovisse.Sed

133 1249 273 1306 ctiisdem
285 1246 957 1320 termetemporibusalleramdissertationem,

132 1338 205 1396 mihi
223 1338 344 1397 minime
358 1338 463 1407 visam,
480 1336 626 1410 evulgavit
641 1337 870 1409 christophorus
884 1340 959 1392 llat-

132 1425 958 1499 thaeusPtalfiusTubingaeinterProlestanlestheclogus

133 1517 164 1573 in
178 1534 235 1588 que
250 1517 285 1572 de
301 1516 447 1573 oblatione
461 1521 489 1571 et
505 1516 724 1572 consecratione
740 1503 829 1570 veteri
851 1514 958 1570 cucha-

133 1607 233 1662 ristica
245 1606 448 1674 disseruit,ubi
461 1610 652 1663 monstratum
663 1621 680 1660 e
691 1621 722 1660 se
733 1604 774 1659 ait
785 1626 798 1655 a
813 1604 959 1660 exstitisse

132 1695 162 1751 in
178 1695 314 1768 liturgiis,
329 1713 394 1767 quae
419 1699 486 1750 ante
512 1693 681 1765 Gregoriurn
699 1692 849 1751 celebratae
866 1693 957 1760 suere,

132 1784 213 1841 varia
228 1784 355 1857 egregia,
368 1783 495 1839 maxime
510 1800 574 1854 que
589 1787 691 1839 contra
706 1782 882 1838 sacrificium
896 1798 957 1837 cor·
976 1825 999 1890 B
1016 1820 1050 1874 Hi

132 1872 212 1947 poris
226 1873 370 1930 Christiin
380 1873 562 1930 Eucharistia
578 1873 769 1945 repetendum
786 1888 882 1944 urgeri
893 1888 959 1944 poa·

134 1961 207 2029 sint,
221 1979 256 2018 ex
272 1962 401 2034 liturgiis
416 1962 523 2018 Grecis
536 1964 702 2034 desumpta,
715 1966 815 2033 postea
828 1978 862 2017 ex
877 1967 958 2032 parte

136 2053 287 2123 abrogata.
306 2074 321 2102 n

171 2176 313 2248 Equidem
329 2192 386 2231 non
402 2175 474 2232 mihi
490 2191 574 2232 sarno
588 2176 617 2231 in
633 2176 755 2232 densam
769 2175 848 2232 illam
867 2176 957 2233 inler-

136 2266 346 2338 pretstionum,
371 2264 600 2329 cavillationum,
629 2264 821 2320 omissionum
852 2265 956 2322 silvam

134 2353 259 2426 ingredi,
277 2355 385 2425 quibus
401 2354 597 2409 Proteetantos
614 2354 756 2409 hacteuus
773 2355 817 2409 usi
835 2355 956 2410 suntad

133 2443 337 2508 evertendum,
353 2442 377 2498 si
404 2442 464 2497 fieri
493 2445 601 2514 posset,
624 2457 723 2495 verum
747 2457 780 2496 ac
804 2442 956 2512 proprium

134 2531 233 2587 misere
249 2530 590 2602 sacritieium.lneignem
603 2529 882 2586 virumcardinatem
895 2532 956 2586 Bel·

132 2620 303 2687 lorminum,
324 2619 457 2692 aliosque
481 2623 598 2675 nostros
620 2619 777 2692 scriptores
800 2619 957 2691 poleniicos

133 2711 229 2775 adeat,
247 2710 385 2781 quisquis
401 2709 455 2765 hee
471 2710 507 2765 de
523 2725 553 2764 re
568 2709 680 2764 edoceri
707 2708 821 2780 plenius
847 2710 956 2782 cupiat.

134 2799 192 2855 Deo
212 2804 327 2854 tentum
339 2798 385 2854 hic
396 2798 468 2853 mihi
482 2798 751 2868 proponotscilicet,
767 2815 802 2854 ex
816 2798 958 2871 antiquis-

133 2886 947 2961 simiscmniumEcclesiarumliturgiiscetendereperpa

133 2981 218 3031 tuum
237 2975 327 3032 tuisse
342 2976 485 3031 universes
500 2975 633 3032 Ecclesia
649 2992 826 3033 consensum
842 2978 877 3033 de
891 2994 958 3034 vero

134 3070 162 3121 el
178 3082 234 3121 non
251 3065 425 3136 imaginario
448 3065 591 3122 sacrificio
615 3065 818 3122 charisium
842 3068 956 3138 mojori,

1013 553 1113 594 muse
1139 537 1281 592 leoniana
1305 541 1334 591 et
1356 533 1522 602 Celosiaca,
1538 549 1604 605 qum
1629 531 1840 602 Gregorianam

1012 626 1192 699 precedunt.

1049 751 1081 807 in
1094 751 1198 822 prima,
1211 748 1334 814 scilicet,
1347 747 1501 814 Leoniana,
1514 745 1643 802 occurrit
1656 743 1790 799 diuinam
1798 761 1841 799 sc·

1011 840 1164 909 orificium
1180 838 1355 908 Sacrificium
1368 834 1535 908 placationis
1554 840 1582 890 ei
1607 832 1717 890 tondis
1731 832 1840 903 Sacrifi-

1011 928 1084 983 cium
1094 927 1155 995 iiii,
1170 928 1297 993 Domine,
1306 929 1524 999 protensiorem
1530 921 1843 996 martyrumnclctitiis

1012 1014 1198 1072 immolamus.
1211 1015 1293 1072 Certo
1308 1014 1446 1071 sacriiicll
1458 1013 1578 1069 nomine
1589 1011 1678 1083 plcre
1690 1011 1844 1082 designan-

1012 1106 1103 1161 turin
1121 1105 1236 1161 bitteris
1251 1105 1354 1173 sacris,
1371 1102 1513 1159 translato
1529 1102 1649 1173 proprio
1674 1101 1796 1155 nomine
1809 1103 1841 1156 sd

1012 1194 1091 1250 veria
1108 1195 1224 1267 pietatis
1240 1193 1345 1250 olltcia.
1358 1195 1431 1249 Com
1443 1192 1472 1246 in
1486 1191 1577 1247 misen
1590 1191 1730 1246 Romana
1741 1190 1843 1245 boesa·

1012 1283 1151 1350 orificium
1166 1283 1258 1339 tondis
1274 1282 1428 1338 inveniunt
1457 1281 1676 1347 Protsstanies,
1692 1295 1754 1334 non
1771 1279 1844 1336 ultra

1013 1378 1147 1445 pergunt.
1159 1373 1214 1428 Sed
1227 1372 1267 1427 ibl
1280 1372 1367 1428 etiam
1380 1372 1532 1443 requirant
1543 1386 1576 1425 ac
1585 1368 1748 1424 invenient
1757 1371 1844 1424 sacri·

1013 1464 1106 1533 ficinm
1120 1461 1297 1534 placationis,
1310 1460 1388 1532 quod
1399 1462 1487 1516 eliam
1498 1460 1528 1514 in
1539 1459 1785 1515 sacramentario
1794 1457 1845 1514 Ge·

1014 1552 1126 1607 lusiano
1143 1551 1252 1624 legitur
1271 1551 1305 1606 ad
1323 1549 1398 1606 diem
1414 1566 1443 1604 rr
1462 1547 1606 1604 Kalendas
1622 1547 1805 1602 Decembres
1818 1548 1844 1602 in

1014 1641 1087 1697 tosto
1109 1645 1217 1696 sancte
1241 1640 1363 1696 Cecilirs
1391 1639 1432 1694 uti
1449 1638 1517 1694 etin
1535 1636 1733 1708 Cragon-iana,
1751 1642 1781 1691 ct
1795 1636 1846 1692 Ge·

1013 1729 1091 1785 thioo
1109 1747 1115 1785 :
1133 1734 1201 1787 Haec
1223 1729 1323 1798 nostia,
1354 1729 1478 1795 Domine,
1500 1727 1671 1788 placationis
1696 1733 1725 1781 ei
1750 1725 1846 1782 tando.

1055 1820 1120 1875 dem
1131 1819 1161 1875 in
1173 1818 1320 1875 Leontane
1346 1816 1492 1890 reperient
1507 1814 1659 1873 immolari
1672 1815 1844 1886 sacrificinm

1012 1908 1040 1962 iu
1056 1906 1156 1962 missa.
1175 1904 1374 1963 immolationis
1397 1910 1494 1961 autem
1510 1920 1578 1960 voce
1593 1904 1640 1959 asi
1659 1903 1723 1976 ipsi
1740 1903 1844 1959 ethuici

1012 1996 1168 2067 scriptores
1178 2012 1278 2051 verum
1288 1994 1463 2051 sacrificium
1477 1994 1689 2066 designarunt,
1703 1993 1749 2049 uti
1762 2010 1843 2049 exeo·

1012 2101 1077 2140 rum
1088 2082 1193 2154 verbis,
1204 2100 1268 2155 quse
1277 2083 1384 2139 reterre
1395 2081 1578 2154 superfluum
1592 2081 1843 2150 loret,evinoiiur.

1011 2173 1158 2229 lmmolcre
1172 2173 1250 2228 enim
1267 2173 1407 2244 supponit
1422 2171 1571 2226 victimam
1588 2175 1619 2225 et
1636 2169 1771 2224 hostiam
1787 2171 1846 2224 sni·

1013 2268 1134 2318 malem.
1149 2261 1304 2318 Rursusln
1317 2261 1461 2316 Leontium
1477 2259 1538 2314 hen
1554 2259 1693 2331 prelatio
1711 2259 1845 2317 hahetur:

1014 2352 1077 2408 Vere
1092 2351 1226 2422 dipnamr
1242 2351 1290 2422 qni
1304 2351 1380 2405 enim
1395 2352 1444 2404 ont
1458 2351 1555 2418 possit,
1571 2352 1628 2403 aut
1646 2351 1760 2404 audent
1773 2366 1790 2404 c
1804 2355 1845 2404 ica

1014 2442 1096 2498 laude
1108 2457 1225 2509 cessare,
1241 2439 1408 2512 perpendens
1422 2438 1561 2496 mirande
1574 2439 1774 2504 dispositionis
1788 2440 1844 2511 effe·

1012 2532 1159 2602 sinoncort
1168 2531 1200 2586 do
1209 2530 1375 2586 substantiae
1384 2544 1484 2599 penem
1494 2528 1843 2598 peccatricisimmncutaia

1012 2621 1103 2676 hostia
1119 2620 1288 2691 pipnereiar,
1304 2635 1394 2690 cupas,
1408 2633 1460 2689 pro
1475 2616 1596 2690 ejusdcm
1621 2626 1739 2673 natarae
1763 2622 1842 2683 recta,

1010 2711 1099 2782 possis
1110 2722 1307 2764 rnucnsrmns
1318 2723 1435 2763 rhamni
1445 2707 1460 2762 i
1472 2708 1567 2762 Habes
1581 2705 1632 2762 bio
1648 2705 1841 2779 bestiamque

1012 2798 1167 2856 incruento
1183 2797 1328 2854 sacrificio
1343 2797 1516 2863 immolator,
1532 2795 1561 2851 id
1578 2806 1637 2864 est,
1654 2795 1842 2865 Christus,sl

1013 2888 1132 2961 quidem
1149 2888 1184 2943 ad
1202 2888 1291 2943 ileum
1307 2886 1444 2954 placando
1473 2900 1542 2958 erga
1570 2901 1628 2941 nos
1657 2891 1840 2958 precatorem

1013 2977 1194 3049 nequeenim
1207 2975 1268 3032 bec
1280 2976 1315 3031 sd
1326 2976 1437 3042 Crucis,
1446 2975 1497 3032 sed
1509 2975 1544 3030 ad
1557 2974 1841 3032 MissasSscrihcium

1013 3072 1084 3123 sant
1094 3084 1146 3138 pro
1159 3065 1293 3138 liturgiae
1305 3081 1386 3121 more
1397 3065 1558 3121 referenda.
1576 3064 1681 3136 Supra
1697 3082 1733 3121 ex
1748 3067 1839 3122 codem

133 3171 190 3227 qais
202 3155 451 3226 potero,hrevitate
463 3154 559 3226 palem
572 3155 688 3222 iactam,
698 3171 786 3226 quam
798 3157 956 3212 concordes
972 3196 994 3264 C
1013 3155 1170 3217 Leoniano,
1187 3152 1353 3219 Celesianc,
1370 3157 1398 3208 et
1413 3152 1525 3209 Missati
1550 3153 1754 3224 Francorum,
1769 3154 1840 3210 dedi-

132 3261 200 3300 aum
217 3245 310 3301 saeris
325 3244 451 3316 liturgiis
468 3249 589 3316 pergant
606 3246 713 3313 Patres,
723 3246 773 3317 qui
785 3245 888 3316 primis
904 3246 955 3303 ltc-
1013 3243 1260 3310 musspiritaaiem
1272 3259 1403 3312 nemrim,
1417 3257 1479 3314 paae
1493 3242 1567 3298 miro
1582 3242 1841 3316 ineffabiliqaomp·

132 3332 226 3390 ctesias
241 3334 357 3390 seculis
373 3334 544 3391 floruerunt.
561 3332 624 3390 Uno
639 3334 728 3391 etiem
745 3335 851 3390 itinere
866 3335 956 3391 dedu·
1011 3334 1120 3388 ierioel
1131 3330 1557 3402 rumcmmnsemper,ciecdem
1567 3346 1839 3403 semperorrsnrm.

133 3428 216 3479 cetur
230 3423 322 3478 lector
343 3423 377 3478 ad
399 3419 624 3494 intelligendum
641 3422 744 3493 quanti
760 3422 862 3494 ltagitii
878 3423 954 3493 apud
1011 3423 1110 3480 Mense
1125 3423 1213 3479 lunio
1229 3422 1258 3477 in
1276 3421 1420 3478 leoniano
1436 3422 1465 3477 in
1481 3425 1657 3478 sanctorum
1681 3423 1804 3479 ioannis
1817 3430 1841 3479 ct

133 3515 223 3566 Deum
254 3510 292 3566 sit
319 3528 396 3577 rcus,
419 3511 470 3583 qui
500 3527 557 3567 non
586 3515 653 3565 anie
679 3509 818 3566 seculum
847 3510 957 3569 Christi
1017 3511 1098 3567 Pauli
1115 3515 1209 3579 leele;
1231 3525 1348 3567 nosrtas
1363 3511 1501 3567 citariins
1515 3509 1584 3579 iuis,
1602 3511 1734 3568 Domine.
1753 3530 1840 3569 euici-

132 3600 289 3671 septimum
302 3599 365 3655 auis
375 3598 696 3656 tribulibusvonditavit
707 3603 809 3654 natum
821 3600 955 3655 sacrificii
1010 3617 1106 3657 rionis
1121 3600 1427 3672 imponimnsltasdem
1439 3598 1730 3666 bosticsclacntionis
1743 3603 1840 3674 reperi·

134 3688 324 3760 propitiatorii
337 3688 522 3760 dogmaque
534 3704 639 3760 nempe
652 3690 727 3744 Deus
738 3687 881 3759 propitius
891 3689 955 3743 red·

132 3778 214 3833 ditur
228 3793 297 3848 erge
309 3776 388 3833 vivos
405 3784 494 3849 alque
509 3778 664 3833 defunctos
679 3777 956 3850 lideles,eoromque

134 3872 253 3937 peccata
279 3866 402 3923 dimittit
417 3883 451 3921 ex
466 3866 560 3937 ipsius
584 3866 721 3922 sacrificii
736 3869 852 3922 virtute.
868 3872 929 3927 ileu
947 3867 954 3924 l

133 3960 273 4026 quantam
291 3962 419 4026 stragem
436 3954 610 4026 (exclamare
623 3953 720 4025 liceat)
736 3954 843 4011 caelesti
873 3956 956 4012 Chri·

134 4044 299 4100 etianorum
316 4044 451 4115 religioni
469 4042 594 4100 intulere
612 4044 859 4110 novatoree,dum
885 4062 956 4117 prie-

132 4134 257 4188 eenliam
288 4135 394 4191 realem
421 4133 539 4200 Christi,
556 4131 611 4188 hoc
635 4137 690 4200 est,
708 4132 854 4189 ineffabile
883 4132 955 4189 illud

1013 3706 1076 3745 nius
1088 3691 1117 3745 in
1130 3688 1284 3746 Getesisuo
1295 3695 1324 3745 et
1335 3688 1609 3761 Gregorianc,lulic
1618 3704 1727 3746 mense
1736 3690 1767 3746 in
1778 3692 1840 3747 lao-

1012 3779 1100 3834 niano
1129 3794 1161 3833 ss
1185 3779 1270 3834 nobis
1296 3778 1381 3834 alleri
1404 3793 1556 3833 sacerrima
1581 3781 1840 3849 sicdomestici

1011 3867 1147 3938 ilcjestcli
1162 3871 1218 3924 laae
1232 3873 1260 3921 et
1275 3882 1382 3938 sempe-r
1396 3882 1536 3922 nsonrron
1551 3867 1757 3925 accelerante
1772 3869 1839 3942 ipsc,

1012 3962 1099 4028 atque
1113 3956 1143 4010 in
1160 3956 1338 4027 Gregorianc
1354 3972 1360 4010 :
1377 3955 1498 4011 linarias
1513 3955 1576 4021 tibi,
1592 3956 1727 4021 domine,
1744 3959 1839 4030 deseri·

1011 4062 1071 4100 mas
1086 4060 1283 4113 immansuetis,
1295 4049 1350 4099 ete.
1368 4043 1490 4099 iiosmas
1505 4044 1569 4114 tibi,
1584 4046 1721 4115 bomine,
1736 4049 1840 4121 suppli·

1011 4136 1079 4189 citor
1088 4131 1332 4198 insomneshoc
1343 4132 1498 4199 astricum
1510 4148 1619 4204 corpus
1631 4139 1663 4190 et
1673 4139 1840 4209 sanguinem

132 4222 356 4294 diviniarganos
365 4222 660 4293 amorisprodigium,
669 4223 865 4293 abrogaruni;
883 4239 955 4293 pre·
1011 4222 1128 4278 Domini
1140 4221 1195 4276 sub
1209 4221 1363 4292 speciebus
1374 4221 1547 4287 existentem
1560 4223 1641 4292 quod
1653 4222 1735 4280 inira
1747 4230 1842 4282 contir-

131 4314 268 4380 tereaque
289 4327 390 4366 verum
421 4310 608 4379 sacrificium,
623 4328 681 4383 quo
695 4328 752 4367 nou
769 4311 822 4382 ipsi
838 4327 956 4368 caruero
1012 4317 1123 4367 metum
1139 4312 1239 4367 videas
1254 4311 1284 4366 in
1301 4310 1396 4367 Natali
1416 4312 1530 4367 Domini
1547 4312 1593 4367 his
1611 4315 1714 4372 verbis
1733 4318 1842 4373 :uase

130 4399 234 4466 iudei,
248 4400 284 4453 ab
301 4400 430 4456 Ecclesia
443 4401 585 4470 abjecere,
603 4401 656 4456 boo
678 4407 734 4469 est,
750 4400 954 4470 quotidianum
1010 4401 1109 4473 popuii
1122 4403 1176 4472 tui,
1187 4401 1448 4472 Domine,p·1acctns
1462 4400 1652 4474 intendentes
1668 4421 1728 4461 non
1751 4409 1842 4463 ctiam

131 4487 202 4542 illud
229 4486 332 4542 divinas
354 4488 453 4558 gratie
468 4488 602 4544 erarium
616 4493 794 4554 everterunt,
811 4505 862 4559 per
877 4490 955 4561 quod
1014 4492 1061 4548 bas
1076 4491 1129 4547 icis
1139 4493 1215 4564 ipnis
1226 4493 1397 4559 alienosne·
1405 4492 1661 4551 irrationabilium
1670 4511 1758 4554 cruor
1766 4498 1842 4568 epicn-

131 4576 274 4632 redimere
286 4592 370 4648 posse
387 4581 504 4646 peecata
517 4582 618 4632 costra
635 4577 719 4632 nohis
734 4577 816 4633 dedit
828 4578 955 4634 clemen·
971 4567 995 4633 D
1011 4581 1087 4636 diiar
1097 4579 1286 4647 animalicm;
1301 4579 1345 4635 sed
1355 4580 1444 4637 saneti
1453 4580 1576 4651 Spiritus
1587 4593 1731 4654 operante
1741 4588 1842 4650 uirtute,

131 4664 268 4721 tissimus
283 4664 415 4720 omnium
434 4664 534 4720 l‘aterl
562 4664 666 4719 Verum
693 4665 740 4720 uhi
767 4667 958 4723 ostendamus
1012 4684 1194 4725 sacerrimam
1205 4670 1267 4739 jam
1281 4679 1420 4735 nostram,
1432 4686 1538 4726 coneus
1549 4687 1583 4725 er
1602 4687 1731 4731 sanccio
1746 4689 1796 4731 esc
1807 4691 1843 4730 ir·

129 4754 275 4825 ejusmodi
291 4755 440 4825 dogmata,
458 4770 513 4808 non
528 4770 561 4807 ex
577 4753 732 4808 novatione
750 4756 824 4808 l'aeta
845 4757 881 4810 ab
906 4756 956 4811 lte·
1011 4775 1072 4815 sius
1088 4775 1269 4828 sacnnnorrs,
1279 4758 1382 4816 Christi
1398 4759 1509 4816 Domini
1522 4763 1626 4817 nostri.
1638 4766 1679 4817 lin
1692 4765 1841 4821 transsab-

128 4844 227 4912 closis,
245 4845 285 4900 uti
302 4842 496 4900 inexcusabili
522 4842 689 4898 tomeritate
719 4843 824 4897 seculo
850 4844 956 4900 Christi
1012 4846 1176 4912 alentiatio,
1192 4863 1225 4902 ac
1239 4863 1340 4902 verum
1363 4847 1556 4902 sacritieium.
1576 4848 1692 4906 ibidem
1712 4853 1743 4907 in
1758 4851 1844 4909 Natali

129 4939 235 5006 quarto
261 4934 370 4989 leolum
395 4933 574 4989 contendere
589 4931 726 4987 videnlur
748 4932 957 5000 Protestantes,

128 5023 230 5095 grandi
243 5024 308 5094 ejus
324 5022 467 5096 temporis
483 5022 584 5079 Patres
597 5020 888 5087 inlnmiaonerando,
905 5024 955 5079 sod

128 5128 162 5167 ex
174 5113 293 5184 perenni
304 5111 439 5168 Ecclesia
449 5110 599 5167 catholice
610 5126 753 5165 consensu
767 5110 802 5164 ab
817 5112 957 5182 apostolis

1013 4934 1130 4995 Domini
1149 4951 1155 4990 :
1176 4940 1244 4993 iore
1258 4937 1385 5007 dipncm.
1402 4936 1466 4993 Tum
1481 4935 1572 4991 landis
1588 4953 1716 4997 acerras
1744 4944 1843 5013 jeria-r

1011 5040 1216 5083 iuuoclnras:
1241 5040 1321 5095 cujus
1348 5025 1472 5097 ficorum
1496 5025 1561 5080 Abel
1582 5025 1688 5098 jasius
1720 5031 1841 5097 irrisionis,

1012 5129 1100 5183 apanis
1114 5128 1219 5185 qnoque
1235 5112 1494 5187 leprinianum
1516 5113 1672 5170 celebrauit
1688 5118 1842 5179 Abrabam

130 5200 315 5266 descendere,
327 5198 487 5271 recogitent
499 5197 518 5252 ii
530 5213 561 5252 ss
574 5197 608 5250 ad
627 5197 756 5251 tribunal
772 5197 874 5252 Christi
891 5215 956 5254 esee

130 5288 343 5359 sistendos,qui
356 5291 392 5344 ah
405 5289 478 5358 ipsis
491 5286 632 5345 relicuom
646 5287 954 5357 exigetdenovaiione,

129 5377 378 5445 nonebhecleeie,
390 5375 565 5448 serlahipsis
576 5376 819 5431 saetacumlante
831 5377 956 5433 nominis
1011 5378 1081 5434 dem
1097 5377 1127 5433 iu
1143 5378 1238 5435 Natali
1256 5381 1372 5436 Domini
1390 5398 1397 5437 :
1415 5381 1458 5436 rot
1472 5379 1601 5436 soricibus
1618 5382 1843 5456 tracto-numito

127 5469 157 5521 et
170 5465 291 5519 unitatis
306 5465 476 5521 christiane
495 5462 725 5534 perturbatione,
742 5469 771 5519 ot
787 5465 954 5525 innumera·
1010 5471 1096 5531 mine,
1109 5470 1468 5545 secari·1cruurstcircmns,
1480 5469 1550 5541 qaod
1563 5472 1649 5529 nobis
1660 5477 1754 5544 ipsine
1764 5479 1842 5533 sorri-

126 5553 234 5610 hilium
250 5552 415 5608 animarum
433 5551 612 5623 deceptione.
629 5556 691 5624 Age
707 5568 776 5624 ergo
793 5553 954 5620 videamus,
1009 5555 1395 5630 ficiisnntnalaprimordic.
1410 5559 1532 5625 ibidem,
1546 5562 1575 5615 et
1592 5560 1623 5616 in
1640 5562 1798 5623 Gelasiano
1811 5566 1839 5622 ad

125 5645 229 5716 jurene
246 5641 460 5698 vetustissimas
478 5640 613 5712 liturgias
624 5640 653 5695 in
666 5657 724 5697 suae
740 5641 888 5712 opinionis
904 5661 954 5715 pa·
1006 5647 1155 5719 Jejuoium
1172 5647 1277 5704 decimi
1294 5649 1421 5707 mensis:
1434 5648 1565 5719 Sossios,
1583 5650 1714 5723 Domina,
1725 5671 1838 5715 sanaim·

1013 5201 1215 5264 ltelrlrisedecir
1240 5203 1368 5258 sacerdos
1391 5201 1538 5264 cohibuit:
1552 5202 1600 5258 scd
1616 5220 1703 5263 uerus
1720 5215 1844 5279 spumet

1013 5298 1136 5348 eternus
1148 5292 1281 5359 Pontifex
1294 5291 1375 5347 hodie
1388 5295 1475 5349 nolus
1488 5291 1616 5347 Christus
1633 5293 1779 5366 implevit.
1793 5298 1841 5353 lbi·
