3960 6240
167 326 205 383 ιτ
754 328 802 382 na
821 326 917 380 vinna
935 325 1086 379 rennuis
1104 308 1212 378 maun
1230 325 1279 378 rx.
1839 320 1877 375 sa

166 470 233 511 cum
243 448 993 523 sacrumillumchorumaudissetvenire,concnrrit
1006 446 1033 516 A
1050 447 1133 504 lluxit
1143 444 1785 521 totuspopuluscivitatis:eratquebellicum
1795 462 1877 521 gym-

167 547 199 601 ut
214 544 376 617 perciperet
400 559 502 600 eorum
523 541 773 610 benedictionem
790 545 820 596 et
841 540 877 596 ad
892 555 995 596 eorum
1050 536 1167 594 ensium
1179 537 1300 609 plenum
1311 536 1407 609 iisqui
1419 537 1643 595 concurrebant.
1654 537 1765 593 Pudore
1777 541 1875 593 aulem

167 633 258 705 pedes
269 632 433 704 provoluta,
445 631 569 704 rogabat
579 635 612 687 ut
623 647 678 686 sua
689 630 794 686 domus
804 631 883 686 esset
893 644 995 685 eorum
1050 624 1255 683 alliciebantur
1279 626 1507 683 calumniatores
1522 631 1551 682 et
1566 626 1711 682 mendacii
1736 626 1876 697 artifices,

168 720 537 778 diversorium.Cenceesit
548 736 647 788 senex,
657 720 821 793 idquecum
834 719 996 792 plusquam
1049 714 1114 773 leto
1130 719 1228 772 autem
1244 721 1273 772 et
1287 715 1447 788 tranquillo
1460 715 1558 772 animo
1574 719 1659 772 erant
1674 713 1787 771 alumni
1802 715 1878 771 veri-

169 810 364 883 quadragiuta
379 809 465 866 annis
481 810 558 865 atali
574 809 680 866 luisset
695 807 862 881 spectaculo
877 824 995 880 separa·
1049 807 1129 862 tatis.
1140 804 1257 861 Exhinc
1268 804 1878 862 indomossuastrahebantlnmenverita-

170 903 230 956 tus.
242 901 314 956 (lum
331 903 428 955 autem
440 899 626 955 admirabilis
637 898 686 955 illa
698 898 803 956 mulier
813 902 892 954 esset
905 897 936 952 in
948 913 996 952 ss·
1048 895 1098 962 lis,
1112 895 1132 951 ii
1146 895 1195 968 qui
1212 911 1286 968 opus
1301 894 1450 951 habebant
1464 898 1498 951 ut
1513 899 1697 951 curarentur.
1709 894 1760 950 Vir
1776 901 1875 950 autem

169 988 228 1045 cris
244 989 302 1044 illis
313 988 382 1044 viris
403 989 598 1045 ministrando
620 993 771 1061 occupate,
786 1004 859 1061 puer
882 990 995 1060 septem
1049 983 1169 1058 quidam
1182 983 1229 1041 cni
1240 985 1334 1041 luerat
1345 983 1492 1041 maximus
1503 984 1660 1040 mandatus
1673 983 1875 1056 magistratus,

170 1094 263 1134 annos
275 1077 570 1150 natus,cujussolius
583 1074 994 1151 eratmnter,qurehospitali·
1048 1075 1171 1147 ejusque
1195 1074 1263 1130 lidei
1288 1072 1467 1130 commissus
1486 1077 1549 1130 erat
1568 1072 1669 1129 clavus
1685 1072 1823 1142 Orientis,
1840 1074 1876 1129 ad

169 1167 907 1238 tatemSarreestoemnlata,cssetautemsaeperum
918 1164 992 1222 8⁰5
1048 1180 1116 1222 earm
1131 1162 1214 1220 misit
1228 1179 1336 1236 rogans
1352 1167 1384 1219 ut
1399 1163 1436 1219 ad
1452 1179 1483 1220 se
1498 1162 1619 1232 veniret,
1629 1167 1660 1219 et
1677 1179 1694 1218 a
1709 1163 1812 1218 morbo
1826 1179 1876 1218 ur·

169 1259 198 1312 et
211 1257 348 1325 tenebrae,
368 1252 475 1312 cecidit
489 1257 518 1312 in
542 1261 676 1328 puteum.
690 1256 763 1312 (lum
787 1259 885 1312 auteur
900 1269 934 1309 ex
949 1269 993 1322 ee,
1048 1252 1292 1327 genteliberaret.
1304 1253 1355 1309 llle
1367 1269 1434 1308 vero
1448 1252 1569 1310 accessit
1580 1251 1654 1309 nihil
1667 1255 1835 1320 cunctatus,
1848 1256 1877 1307 et

166 1350 199 1401 ut
213 1349 259 1402 est
274 1349 517 1415 consentancum,
532 1351 651 1402 exertus
666 1348 745 1402 esset
760 1343 916 1412 tumultus,
928 1359 992 1399 ma·
1047 1341 1197 1398 communi
1214 1340 1338 1398 llomiuo
1352 1341 1427 1398 lusis
1443 1341 1582 1414 precibus
1592 1340 1679 1397 verbo
1689 1341 1777 1398 solvit
1792 1340 1876 1414 agri·

167 1438 320 1491 terautem
331 1435 485 1502 sensisset,
491 1434 703 1506 jubetquidem
714 1433 992 1506 omnesquicscere;
1047 1431 1193 1501 tudinem,
1209 1435 1238 1486 et
1247 1430 1341 1503 jussit
1356 1434 1389 1486 ut
1403 1430 1460 1486 Deo
1476 1434 1576 1502 ageret
1590 1430 1711 1503 gratias.

130 1596 134 1602 Ι
168 1529 256 1597 puteo
272 1527 371 1580 nutem
387 1524 524 1597 operculo
552 1524 701 1598 imposito,
714 1524 844 1581 instabat
858 1520 993 1578 ministe-
1082 1526 1154 1579 Cum
1165 1521 1227 1579 hac
1243 1521 1354 1579 etlalia
1366 1522 1492 1592 lecisset,
1504 1522 1608 1578 statuit
1618 1522 1758 1595 deinceps
1768 1522 1874 1578 reverti

167 1614 223 1670 rio.
238 1614 337 1670 Mensa
347 1618 445 1670 autmn
458 1613 529 1671 viris
540 1614 648 1670 divinis
659 1614 805 1688 apposita,
817 1612 935 1669 divinus
945 1628 992 1668 se·
1047 1613 1082 1670 ad
1094 1629 1153 1669 suae
1163 1611 1380 1670 exercitationis
1389 1614 1558 1669 monasticae
1567 1612 1809 1685 tuguriumcum
1823 1628 1877 1685 per

168 1719 224 1760 nex
234 1703 327 1774 jussit
340 1703 437 1759 vocari
457 1720 580 1776 puerum
598 1703 741 1775 mulieris,
753 1708 781 1760 et
797 1702 928 1775 accipere
943 1701 992 1756 be·
1046 1700 1154 1774 Cyrum
1166 1702 1232 1774 [ll.,
1246 1701 1405 1775 Gyrrhum,
1415 1703 1458 1759 eet
1473 1701 1629 1776 Cyrrhum]
1646 1706 1745 1759 autem
1761 1702 1816 1758 iter
1832 1702 1874 1758 la·

169 1792 374 1849 nedirticnem.
389 1793 462 1850 Cum
477 1797 575 1851 autem
591 1792 776 1849 admirabilis
792 1791 899 1849 mulier
913 1790 992 1847 dice·
1007 1813 1031 1879 B
1046 1795 1123 1848 caret
1137 1791 1241 1863 (distat
1256 1793 1355 1847 autem
1370 1789 1431 1847 haec
1447 1790 1551 1847 civitas
1563 1790 1688 1847 duorum
1700 1791 1812 1847 diarum
1827 1790 1874 1847 iti·

167 1885 213 1937 ret
227 1897 295 1937 enm
311 1881 388 1938 male
403 1881 522 1954 habere,
533 1881 775 1955 perstititjubere
788 1886 821 1938 ut
834 1881 861 1938 is
871 1880 991 1936 ducere·
1047 1895 1115 1936 nere
1130 1880 1167 1936 ab
1181 1879 1357 1953 Antiochia),
1369 1879 1487 1936 divertit
1501 1879 1621 1952 quidem
1642 1879 1673 1935 in
1689 1880 1781 1935 edem
1798 1895 1875 1953 pra·

166 1975 227 2029 tur.
239 1971 400 2044 Postquam
412 1976 510 2028 autem
521 1972 547 2028 ei
560 1974 638 2044 quod
649 1971 806 2028 accidisset
818 1968 993 2043 significavit
1047 1967 1117 2025 clari
1132 1968 1271 2041 martyris
1291 1967 1423 2041 Dionysii
1440 1985 1447 2023 :
1463 1968 1514 2040 qui
1539 1966 1600 2024 illic
1623 1972 1721 2024 autem
1737 1984 1806 2024 vero
1821 1967 1875 2025 Dei

167 2058 283 2129 mulier,
295 2076 426 2118 mensam
440 2060 559 2133 quidem
576 2058 717 2132 relinquit
728 2075 827 2130 senex,
837 2074 991 2115 accurrens
1047 2057 1139 2114 cultui
1169 2063 1199 2116 ct
1222 2060 1307 2114 rectae
1332 2056 1466 2131 religioni
1493 2061 1646 2131 preerant,
1668 2057 1875 2115 convenientes

166 2151 266 2205 antem
282 2149 319 2205 ad
335 2154 469 2223 puteum,
481 2166 549 2206 cum
560 2149 668 2205 aulerri
680 2149 798 2219 quidem
808 2147 991 2221 operculum,
1046 2145 1253 2219 supplicarunt
1263 2151 1296 2202 ut
1310 2146 1366 2202 sibi
1382 2162 1468 2218 opem
1484 2147 1570 2202 terret
1580 2145 1703 2202 exitium
1717 2147 1874 2218 previsum

164 2224 992 2311 allerriautemlucemjussisset,sidetpuerumsedeo·
1046 2236 1295 2308 exspectantibus.
1318 2236 1463 2293 Dicebant
1492 2236 1570 2292 enim
1593 2236 1742 2292 Asterium
1767 2236 1817 2309 qui
1845 2237 1875 2293 in

166 2330 228 2382 tem
243 2343 333 2400 super
348 2344 429 2400 aque
445 2328 643 2400 superficiem,
654 2332 683 2383 et
698 2343 803 2399 aquam
818 2343 903 2382 manu
920 2342 991 2398 pue·
1046 2326 1209 2400 sophistica
1219 2326 1277 2399 (17)
1288 2330 1317 2382 et
1336 2325 1410 2382 laisa
1427 2325 1590 2382 disserendi
1606 2328 1669 2382 arte
1689 2324 1785 2381 luerat
1800 2325 1875 2382 edu·

165 2414 260 2472 rilitsr
275 2416 451 2490 pulsantem,
466 2421 494 2472 et
508 2417 559 2488 qui
570 2421 721 2488 reputatus
733 2416 828 2472 luerat
843 2414 990 2481 interitus,
1047 2416 1141 2483 catus,
1155 2420 1185 2472 et
1199 2432 1230 2471 se
1242 2415 1272 2471 in
1290 2414 1493 2472 hereticorum
1509 2413 1663 2471 ecclesiam
1678 2415 1830 2485 injecerat,
1847 2421 1876 2471 et

167 2521 235 2561 eum
252 2503 355 2561 ludum
370 2509 539 2577 putantem
553 2511 582 2562 et
598 2522 665 2562 cum
689 2505 833 2578 quosdam
849 2503 934 2560 tunes
949 2502 990 2558 al·
1046 2504 1210 2577 episcopale
1230 2521 1340 2561 munus
1366 2509 1430 2560 erat
1454 2509 1618 2573 assecutus,
1632 2502 1739 2559 laisum
1766 2503 1875 2560 aeriter

163 2593 309 2666 ligassent
323 2599 351 2650 et
366 2610 416 2652 eos
436 2594 635 2665 demisissent,
647 2611 771 2667 puerum
787 2596 989 2662 extraxerunt,
1047 2593 1210 2664 detondere,
1222 2598 1252 2650 et
1264 2593 1398 2666 improbo
1415 2592 1457 2649 nti
1472 2592 1596 2649 artificio
1612 2593 1753 2648 adversus
1768 2593 1874 2649 verita·

165 2686 192 2737 et
208 2682 310 2738 statim
325 2683 453 2739 accurrit
477 2700 549 2754 puer
572 2684 608 2740 ad
633 2684 723 2756 pedes
737 2682 828 2754 senis,
844 2682 945 2739 dicens
959 2697 991 2738 sa
1046 2687 1121 2747 tem;
1147 2687 1176 2738 et
1199 2698 1345 2751 veremur,
1361 2682 1548 2754 inquiebant,
1572 2698 1608 2738 ne
1632 2682 1769 2739 facundia
1783 2680 1873 2738 veluti

165 2786 234 2827 euru
253 2771 360 2828 uidisse
376 2771 406 2828 in
423 2772 506 2844 aquis
531 2772 630 2844 ipsum
647 2773 798 2841 terentem,
810 2775 839 2828 et
854 2788 890 2828 ne
914 2787 990 2827 mer·
1046 2774 1176 2843 quadam
1192 2787 1259 2828 esca
1276 2771 1383 2828 laisum
1399 2780 1566 2844 contegens,
1582 2775 1611 2827 et
1626 2788 1717 2828 nexus
1733 2770 1871 2844 syllogis-

70 2880 72 2884 ·
166 2864 285 2932 geretur
308 2861 523 2933 prohibentem.
539 2861 620 2918 Hanc
646 2861 858 2932 hospitalitatis
882 2877 991 2918 meree·
1046 2877 1163 2919 morum
1186 2865 1329 2934 tanquam
1345 2861 1480 2933 quaedam
1497 2860 1569 2917 retia
1590 2862 1760 2932 extendens,
1775 2861 1873 2933 capiat

166 2950 233 3006 dem
249 2948 358 3022 recepit
373 2949 479 3007 mulier
494 2951 610 3007 abesto
626 2966 705 3007 sene.
1001 2977 1006 2987 ·
1046 2950 1157 3007 multos
1171 2966 1205 3007 ex
1227 2950 1474 3024 simplicioribus:
1491 2965 1525 3006 ea
1538 2951 1618 3006 enim
1645 2950 1680 3006 de
1704 2966 1795 3006 causa
1818 2950 1872 3006 luit

201 3039 237 3094 hit
247 3043 279 3095 nt
290 3037 580 3111 alinpraetermittam
591 3057 657 3114 quae
668 3041 822 3096 factasunt
832 3040 862 3096 in
874 3040 990 3113 itinere,
1046 3041 1081 3097 ab
1105 3039 1281 3096 adversariis
1305 3039 1477 3096 accersitus.
1503 3040 1595 3095 Senex
1619 3043 1740 3095 autem:
1761 3039 1872 3107 Estote,

164 3132 309 3185 venerunt
320 3129 439 3200 quidem
452 3128 651 3200 Antiochiam
668 3146 770 3187 omnes
786 3135 885 3187 autem
901 3131 991 3188 undi·
1010 3180 1026 3207 ‚,
1047 3129 1153 3202 inquit,
1169 3130 1245 3186 hono
1270 3129 1380 3196 animo,
1396 3134 1425 3184 et
1443 3129 1501 3186 Deo
1518 3128 1671 3185 nobiseum
1696 3127 1872 3202 supplicate,

163 3219 455 3289 queeoncurrebant,
464 3219 512 3274 hei
523 3219 672 3275 hominem
680 3219 777 3276 videre
788 3219 951 3292 cupientes,
960 3223 989 3277 et
1005 3199 1027 3248 ι’
1047 3220 1210 3277 orationem
1226 3222 1253 3275 et
1268 3218 1399 3292 corporis
1414 3219 1603 3275 afflictionem
1618 3217 1755 3290 precibus
1769 3218 1874 3287 adjun-

162 3305 256 3362 morhi
273 3306 318 3362 sni
331 3306 506 3363 medicinam
519 3308 725 3380 unusquisque
735 3308 866 3380 accipere
875 3309 989 3366 deside·
1045 3314 1158 3383 gentes.
1172 3307 1223 3365 His
1236 3309 1324 3364 Deum
1337 3310 1380 3364 sic
1390 3308 1572 3381 rogantibus,
1585 3323 1644 3364 unc
1656 3307 1703 3363 die
1713 3312 1782 3364 ante
1794 3307 1872 3363 diem

161 3412 231 3451 rans
245 3412 252 3450 :
265 3394 417 3452 habitabat
427 3401 526 3453 nutem
537 3397 566 3452 in
578 3395 728 3468 speluncis
738 3414 801 3468 qua
813 3402 896 3454 eraut
908 3399 938 3454 in
950 3398 989 3456 la·
1044 3392 1153 3454 testum
1168 3414 1201 3453 ec
1215 3395 1372 3466 celebrem,
1389 3413 1447 3469 qno
1462 3397 1550 3452 verha
1572 3399 1635 3452 erat
1657 3396 1791 3452 tacturus
1807 3394 1872 3451 falsi

161 3485 356 3552 tenementis3
366 3484 856 3558 ubidiviuumquoqueapostolum
864 3486 988 3544 Paulum
1044 3486 1182 3543 delcusor
1197 3489 1226 3542 et
1240 3484 1335 3542 hostis
1350 3484 1492 3555 veritatis,
1505 3485 1532 3541 is
1548 3483 1691 3541 divinitus
1706 3483 1872 3539 immissam

162 3578 192 3631 et
202 3573 351 3631 habitasse
360 3574 464 3631 dicunt
473 3579 504 3630 et
513 3573 645 3632 latuisse.
657 3577 711 3633 Sed
724 3575 824 3633 statim
837 3580 870 3633 ut
880 3575 990 3635 scirent
1044 3576 1156 3649 accepit
1171 3574 1299 3648 plagam,
1311 3579 1417 3631 etcum
1431 3591 1490 3631 uno
1504 3577 1619 3631 tantum
1631 3574 1679 3630 die
1689 3577 1869 3646 egrotasset,

163 3678 266 3719 omnes
277 3680 345 3719 anm
357 3679 422 3720 esse
433 3662 593 3737 hominem,
606 3681 673 3721 eum
684 3664 792 3721 invadit
803 3665 891 3722 labris
901 3667 988 3723 vehe-
1044 3664 1171 3721 excessit
1184 3681 1200 3721 e
1215 3664 1301 3732 vivis,
1313 3663 1407 3730 illam,
1424 3670 1457 3720 ul
1471 3660 1517 3720 est
1531 3661 1692 3735 probabile,
1703 3679 1801 3718 vocem
1819 3678 1871 3718 an-

163 3752 360 3809 mantissima.
374 3754 446 3810 Cum
464 3758 563 3810 autem
578 3754 691 3811 videret
714 3770 839 3827 magnus
853 3755 989 3824 Aeacius,
1045 3754 1128 3811 diens
1145 3770 1152 3810 :
1168 3754 1272 3824 Stulte,
1297 3752 1353 3810 hac
1379 3758 1463 3810 nocte
1489 3757 1625 3826 repetunt
1649 3769 1666 3809 a
1689 3760 1715 3809 tc
1739 3752 1870 3807 animam

164 3840 388 3898 multitudinem
404 3859 505 3899 eorum
526 3843 577 3916 qui
600 3843 688 3900 simul
704 3848 789 3900 erant
810 3844 989 3916 congregati,
1048 3847 1130 3899 tuam
1141 3843 1218 3907 (Luc.
1230 3843 1299 3913 x11);
1312 3859 1376 3914 que
1388 3847 1485 3899 autem
1498 3843 1607 3916 parasti
1619 3841 1691 3898 retia
1701 3843 1729 3896 et
1739 3839 1872 3912 laqueos,

162 3933 192 3987 el
215 3946 280 3986 eam
305 3947 370 4002 quae
394 3931 541 3988 acciderat
567 3948 644 4004 aegre
671 3933 759 3988 terret
785 3932 990 4004 egritudinem
1045 3931 1127 3988 iislu
1146 3931 1357 4004 implicaberis,
1371 3937 1401 3988 et
1425 3948 1483 3988 uon
1505 3932 1566 3988 alii.
1585 3933 1647 3987 llaec
1663 3929 1780 3986 Balaam
1800 3947 1873 4002 quo·

162 4017 362 4091 (existimabat
376 4018 454 4075 enim
471 4020 532 4076 lore
548 4025 581 4075 ut
603 4021 622 4075 ii
640 4020 691 4092 qui
715 4025 912 4078 convenerant
926 4038 989 4093 per·
1045 4036 1102 4094 que
1118 4020 1299 4092 aeciderunt,
1314 4021 1365 4093 qui
1385 4022 1449 4095 ipse
1463 4037 1580 4094 queque
1599 4021 1741 4077 adversus
1756 4019 1810 4075 Dei
1825 4036 1874 4091 po·

164 4107 367 4175 turbarentur,
383 4107 407 4163 si
432 4107 486 4164 viri
511 4110 648 4165 morbum
674 4110 859 4180 resumerent,
876 4112 991 4184 aqu'ns
1046 4108 1148 4182 pulum
1172 4110 1343 4179 accersitus,
1360 4126 1427 4166 cum
1449 4110 1540 4182 impia
1555 4109 1689 4181 quadam
1704 4106 1806 4165 Balaac
1821 4110 1876 4163 nd·

165 4212 256 4253 manu
272 4212 304 4252 se
319 4195 489 4253 inventuros
514 4197 673 4270 sperabant
699 4199 888 4272 medicinam)
905 4217 912 4256 ι
927 4201 992 4260 Noli
1045 4215 1149 4255 versus
1161 4199 1260 4271 ipsum
1271 4198 1481 4267 consuluisset,
1491 4203 1556 4271 ejus
1567 4198 1647 4254 dedit
1658 4201 1811 4271 poenus,nt
1824 4197 1875 4268 qui

165 4284 234 4357 angi
257 4285 369 4355 anime,
385 4285 482 4356 iuquit
505 4303 610 4357 ssuex;
627 4288 652 4344 si
666 4292 710 4344 est
724 4289 803 4346 enim
827 4291 993 4347 neccssaria
1047 4289 1084 4345 ab
1100 4288 1263 4346 israelitica
1276 4291 1395 4347 dextera
1409 4289 1499 4347 luerit
1513 4290 1710 4362 casuslltum.
1722 4291 1799 4358 xxvi)
1822 4287 1876 4360 lgi-

165 4374 292 4443 sanitas,
309 4390 374 4430 eam
400 4375 499 4432 statim
525 4376 606 4433 dabit
629 4376 782 4434 Dominus.
794 4379 899 4435 Statim
924 4396 993 4451 ergo
1046 4381 1096 4434 tur
1112 4377 1159 4434 hic
1176 4396 1294 4452 quoque
1310 4397 1376 4435 curn
1392 4380 1421 4435 in
1435 4380 1486 4436 Dei
1503 4379 1644 4452 populum
1657 4379 1800 4451 quasdam
1816 4377 1875 4433 cal·

164 4467 232 4536 post
246 4462 308 4520 hec
321 4464 411 4521 verba
425 4465 461 4520 ad
478 4481 577 4538 preces
593 4483 764 4540 conversus,
778 4473 806 4524 et
820 4471 853 4524 ut
868 4466 991 4534 solebat,
1047 4465 1123 4525 lidae
1139 4467 1336 4541 excogitasset
1346 4468 1519 4537 sententias,
1532 4486 1583 4541 per
1598 4473 1689 4525 Deum
1702 4466 1802 4540 populi
1817 4466 1877 4521 vita

162 4554 192 4608 et
204 4567 301 4624 genua
315 4556 345 4608 et
360 4553 484 4610 frontem
501 4554 564 4611 solo
580 4555 751 4624 admovens,
768 4556 882 4628 rogavit
898 4563 928 4614 ut
943 4574 992 4615 as·
1006 4547 1030 4612 D
1046 4556 1103 4612 luit
1117 4556 1260 4629 privatus.
1277 4558 1357 4615 Hanc
1382 4563 1480 4615 autem
1497 4558 1623 4614 salutem
1639 4559 1730 4631 Cyrus
1746 4561 1792 4613 est
1806 4572 1877 4612 cen·

162 4645 337 4713 aequeretur
358 4642 529 4714 sanitatem,
545 4644 571 4700 si
585 4661 622 4701 ex
635 4660 670 4700 ea
693 4645 826 4702 reditura
840 4646 880 4703 sit
895 4644 994 4718 aliqua
1047 4650 1150 4703 secuta
1165 4663 1217 4719 per
1231 4645 1323 4717 hujus
1338 4648 1512 4704 orationem.

162 4727 277 4785 utilitas
292 4730 327 4785 ad
343 4746 393 4786 eos
416 4730 468 4801 qni
495 4737 703 4789 convenerant.
719 4733 854 4790 Nondum
876 4734 993 4791 linierat
1084 4735 1148 4791 llaec
1159 4740 1259 4793 autem
1271 4751 1336 4808 quae
1347 4737 1475 4805 narravi,
1488 4736 1559 4792 mihi
1573 4735 1707 4792 divinum
1718 4739 1817 4806 capnt,
1829 4734 1877 4789 ille

163 4834 277 4890 preces,
293 4824 323 4875 et
337 4824 457 4891 repente
468 4820 580 4878 multus
592 4823 683 4879 sudor
699 4822 846 4896 profluens
856 4822 994 4881 exstinxit
1048 4839 1174 4897 magnus
1186 4824 1308 4881 tradidit
1317 4825 1454 4896 Aeacius,
1463 4825 1513 4898 qui
1526 4824 1647 4897 pulchre
1656 4823 1768 4880 sciebat
1779 4823 1879 4880 omnia

167 4905 315 4964 flammam
333 4908 433 4965 lebria.
1048 4928 1111 4984 quar
1123 4912 1160 4969 ab
1171 4912 1235 4986 ipso
1250 4913 1326 4969 lacta
1338 4914 1464 4971 lucrant.
1476 4919 1546 4969 Cum
1557 4930 1626 4987 argo
1636 4912 1718 4970 illine
1729 4917 1807 4969 esset
1816 4930 1878 4985 pro·

199 4999 272 5053 Cum
284 4997 343 5054 illic
353 5002 453 5055 autem
464 4999 619 5057 liberasset
629 5000 737 5057 multos
749 5018 766 5057 a
777 5001 993 5059 morbisomnis
1048 5001 1152 5071 lectus,
1164 5006 1193 5057 et
1205 5002 1240 5057 ad
1257 5019 1327 5059 suos
1343 4989 1459 5059 sodales
1475 5019 1621 5071 reversus,
1633 5007 1662 5059 et
1677 5018 1736 5058 nna
1751 5018 1818 5057 cum
1836 5002 1878 5056 eis

165 5085 294 5159 generis,
302 5088 452 5159 proiectus
462 5092 508 5145 est
518 5090 554 5145 ad
566 5095 742 5147 conventum
754 5092 993 5165 piorumTrans·
1048 5106 1106 5147 non
1119 5107 1207 5162 parvo
1223 5095 1353 5164 tempore
1363 5096 1443 5148 esset
1454 5100 1599 5162 versatus,
1610 5092 1645 5149 ad
1659 5091 1749 5147 vitam
1760 5091 1835 5149 senii
1849 5095 1879 5146 et

164 5179 253 5231 eunte
262 5181 360 5232 autern
372 5193 406 5234 ao
417 5194 468 5248 per
483 5183 582 5251 portas
596 5178 693 5251 regie,
706 5180 860 5237 mendicus
871 5181 993 5254 quidam
1048 5179 1191 5237 molestie
1204 5186 1353 5252 expertam
1364 5180 1450 5237 valde
1465 5186 1599 5254 prompte
1610 5185 1639 5237 et
1653 5180 1791 5236 alacriter
1801 5178 1878 5235 806

166 5264 217 5338 qui
233 5262 371 5323 clunibus
396 5267 534 5324 utebatur
549 5284 601 5340 pro
617 5269 790 5341 pedibus,et
815 5287 865 5342 per
885 5274 993 5326 terram
1049 5269 1177 5335 transiit,
1190 5273 1223 5326 ut
1242 5268 1338 5342 quiin
1355 5269 1471 5327 mortali
1489 5274 1596 5328 natura
1617 5270 1777 5327 meditatus
1800 5274 1880 5325 esset

165 5353 420 5421 trahebatur,cum
433 5373 554 5412 manum
565 5357 790 5423 extendisset,et
797 5360 862 5431 ejus
871 5358 993 5431 pallium
1048 5358 1311 5429 impatibilitatem,
1321 5364 1501 5433 exspectaret
1509 5365 1608 5416 autem
1620 5358 1751 5432 corporis
1761 5357 1881 5414 immor·

166 5442 324 5513 tetigisset,
338 5444 395 5499 fide
407 5445 527 5517 quidem
544 5447 680 5503 morbum
697 5449 794 5519 exegit
808 5447 992 5505 exiliensau·
1048 5448 1204 5506 talitatem.
1219 5450 1279 5523 Ege
1300 5456 1398 5506 autern
1412 5450 1460 5507 hic
1476 5452 1511 5507 de
1527 5468 1559 5507 eo
1575 5439 1683 5507 sistens
1705 5450 1879 5515 orationem,

170 5536 231 5588 tem
242 5533 370 5587 ostendit
386 5548 417 5587 se
433 5550 516 5605 aeque
531 5550 647 5592 currere
662 5541 751 5608 atque
765 5540 831 5593 ante
846 5537 994 5605 morbum,
1050 5537 1183 5596 transibo
1199 5541 1233 5594 ad
1250 5538 1361 5596 alium:
1378 5557 1484 5611 rogans
1500 5545 1618 5596 sanctos
1629 5539 1679 5610 qui
1696 5538 1725 5593 in
1743 5538 1819 5594 hanc
1834 5537 1880 5592 in-

168 5621 247 5677 idem
261 5619 370 5676 taciens
382 5625 460 5692 quod
471 5622 595 5679 claudus
606 5640 691 5696 quem
706 5626 809 5682 Petrus
824 5630 853 5682 et
865 5626 995 5682 Joannes
1051 5627 1225 5696 gradiuntur
1240 5630 1450 5698 narrationem,
1467 5646 1519 5704 per
1534 5645 1620 5685 suam
1640 5629 1879 5688 intercessionem

170 5708 353 5767 suscitarunt
365 5710 433 5780 (Act.
449 5712 503 5782 ιιι).
520 5711 580 5768 Hoc
594 5728 662 5768 eum
686 5714 796 5771 iactum
821 5720 909 5786 esset,
925 5732 996 5773 con·
1052 5717 1126 5774 mihi
1141 5732 1300 5788 supernam
1316 5719 1472 5775 conciliare
1491 5708 1736 5776 benevolentiam.
