3930 6240
95 279 151 337 673

97 477 143 532 dit
153 476 281 548 Spiritus
296 480 418 532 sanetus
433 493 523 549 super
537 478 724 551 apostolosin
735 475 831 547 speeie
842 475 920 547 ignis

96 549 311 619 linguarum,in
321 563 356 603 ea
366 549 480 620 positus
495 554 540 605 est
551 550 675 606 thronus
688 549 789 605 Jaoobi
801 545 924 620 apostoli

98 624 129 676 et
143 618 281 676 columna
296 620 326 675 in
343 635 401 691 que
415 622 586 678 verberatus
602 628 647 678 est
658 622 803 677 Christus.

101 732 233 805 Quisque
247 731 310 789 solo
325 731 444 789 acclivis
462 734 592 790 mersisti
621 734 651 790 iu
667 733 785 807 pulvere
799 731 925 804 vultum,

100 822 291 895 Humidaque
305 819 383 877 illisa
399 821 460 893 (siet
477 823 611 894 pressisti
627 822 741 880 lumina
754 827 848 890 terra,

99 911 245 969 Attollens
260 909 361 968 oeulos
376 912 491 985 trepido
507 913 653 970 miraoula
666 913 731 969 visa

100 1000 226 1074 concipe
240 1005 268 1056 et
282 1000 389 1057 eximio
406 1017 526 1058 eausam
542 1003 694 1059 committe
709 1005 843 1075 patrone.

98 1087 185 1146 Nolle
201 1092 296 1162 potest
311 1092 410 1146 tantae
425 1090 581 1163 eompleeti
596 1092 704 1164 pagina
717 1091 814 1162 vires;

99 1179 276 1250 Quanquam
287 1177 334 1235 his
347 1178 442 1235 titulis
453 1184 708 1237 aemoniaetsaxa
722 1185 871 1247 notentur,

97 1268 260 1325 Terrenum
272 1283 330 1323 non
340 1267 451 1324 alaudit
462 1284 539 1341 opus
549 1269 627 1341 qued
639 1269 720 1342 regie
733 1268 796 1325 oceli

98 1355 267 1430 Suseipitet
280 1355 383 1413 rotulis
399 1356 564 1414 inscribunt
579 1358 676 1414 sidera
691 1356 826 1431 gemmis.

98 1445 217 1502 Martini
230 1445 255 1502 si
270 1445 378 1517 quaeris
394 1461 491 1519 opem,
508 1450 590 1503 trans
605 1450 684 1503 astra
701 1463 855 1520 resurgens

100 1540 203 1608 'range
216 1534 318 1608 polum
334 1541 482 1592 scrutatus
498 1535 528 1591 in
545 1535 651 1592 albere
664 1543 783 1594 emtum.

100 1623 167 1680 lllie
182 1625 374 1696 conjunctum
389 1624 514 1680 Domino
529 1626 666 1697 perquire
681 1630 838 1697 patronum

98 1716 264 1769 sectantem
282 1712 383 1769 aterni
397 1729 514 1786 semper
529 1713 651 1787 vestigia
664 1713 751 1787 regis.

99 1801 132 1858 Si
149 1801 276 1870 dubitas,
289 1802 404 1874 ingesta
419 1803 512 1859 oeulis
528 1803 671 1860 miracula
687 1820 783 1874 cerne,

98 1891 173 1956 Quis
189 1890 292 1947 lamuli
310 1891 449 1948 meritum
464 1909 550 1950 verus
565 1892 694 1950 salvator
708 1893 833 1950 honorat

99 1980 223 2038 Aeeedis
239 1980 361 2053 reliquis
375 1981 453 2037 inter
468 1986 511 2038 tot
526 1982 619 2038 millia
634 1983 730 2050 testis,

99 2070 178 2127 Dum
194 2070 342 2127 narranda
356 2070 438 2127 vides
452 2070 556 2127 sollers
571 2077 600 2128 et
613 2072 676 2128 visa
692 2072 809 2141 retexis,

99 2160 134 2216 ln
148 2159 261 2217 sanetis
277 2161 417 2233 quioquid
433 2161 560 2234 signavit
572 2161 678 2233 pagina
692 2159 794 2230 libris;

98 2251 290 2307 Instaurante
304 2253 362 2305 Deo
377 2249 474 2306 uernis
486 2265 545 2321 quo
561 2266 682 2306 munere
696 2250 827 2323 gaudent

98 2338 210 2408 Genus,
226 2336 359 2404 alaudas,
375 2337 471 2410 inops,
488 2338 629 2411 furiosus,
644 2339 761 2410 anxius,
778 2356 864 2413 eger,

97 2425 221 2496 Debilis,
238 2443 409 2501 oppressus,
425 2427 571 2500 captivus,
586 2432 720 2496 mmstus,
737 2444 858 2502 egenus.

98 2516 205 2574 Omnis
219 2515 389 2590 apostoliais
404 2517 512 2589 gaudet
526 2518 637 2574 ruratio
653 2518 756 2588 signis.

99 2606 156 2671 Qui
171 2605 245 2663 liene
260 2605 378 2663 alluerit
391 2605 479 2663 laetus
493 2607 578 2674 redit,
595 2608 695 2664 omnia
710 2607 819 2664 aedunt

99 2693 220 2766 Nubila,
236 2696 313 2768 quod
329 2695 466 2752 meritum
482 2695 582 2752 turbat
598 2697 743 2753 medicina
757 2704 873 2754 serenat

99 2784 212 2857 lixpete
227 2784 400 2855 presidium,
416 2801 474 2841 non
491 2785 601 2841 trustra
615 2784 677 2842 hoa
690 2785 794 2842 limina
808 2785 923 2858 pulsas3

99 2876 132 2932 ln
149 2878 290 2932 canotum
306 2877 403 2948 pergit
418 2875 511 2948 pietas
528 2881 589 2931 tam
605 2876 729 2948 prodiga
745 2876 901 2933 mundum.

239 2981 307 3039 item
321 2997 405 3054 super
419 2982 510 3039 locum
521 2981 625 3038 obsidia
640 2982 670 3038 in
684 2982 785 3039 altare.

137 3080 231 3145 Quam
260 3079 437 3136 metuendus
452 3084 497 3136 est
515 3078 597 3136 loeus
614 3079 670 3138 iste
684 3094 750 3136 vere
778 3080 924 3144 templum

103 3151 152 3207 Dei
167 3154 197 3208 et
211 3155 296 3223 porta
309 3150 384 3207 omli.

240 3249 307 3306 ltem
321 3247 395 3306 eirea
410 3250 548 3305 tumulum
569 3249 604 3305 ab
619 3266 674 3307 uae
690 3250 786 3308 latere.

136 3346 191 3405 Hie
206 3347 344 3404 eonditns
359 3351 405 3404 est
420 3350 530 3404 saneta
545 3348 694 3404 memoria
710 3349 853 3406 liertinus
869 3351 928 3424 epi-

99 3435 210 3492 seopus
224 3419 311 3490 eujus
325 3419 425 3476 anima
447 3419 477 3475 ia
503 3435 592 3475 mauu
610 3421 659 3476 Dei
676 3424 731 3490 est,
748 3422 798 3477 sed
816 3421 862 3478 bie
881 3428 927 3479 to·

103 3496 211 3549 tuaest
225 3507 355 3563 presens
370 3490 547 3547 manifestus
561 3491 642 3548 omni
658 3493 753 3565 gratie
772 3493 927 3549 virtutum.

365 3598 433 3655 ltem
452 3598 483 3654 in
498 3598 555 3654 olio
571 3598 665 3656 lutere.

134 3700 291 3755 certamen
308 3695 419 3754 bonnm
435 3696 566 3765 certavit,
592 3712 714 3753 sumum
740 3713 928 3755 eonsumma-

100 3768 152 3837 rit,
169 3768 258 3824 fldem
275 3769 412 3839 servavit,
435 3768 471 3825 de
492 3779 596 3825 eaetero
619 3769 749 3841 reposita
762 3775 808 3826 est
822 3770 864 3826 illi
880 3788 928 3828 eo-

102 3840 306 3912 ronajustitia
322 3857 411 3914 quam
432 3841 535 3897 reddet
549 3839 594 3897 illi
611 3842 754 3898 Dominus
768 3842 798 3898 in
815 3842 866 3898 illa
880 3844 928 3900 die

95 3913 315 3985 justusJudex.

407 4016 477 4069 Item
499 4011 624 4084 desuper.

100 4110 259 4167 Coniesser
273 4110 386 4169 meritis
402 4114 514 4184 martyr
528 4125 615 4167 erues
629 4111 781 4183 apostolus
795 4115 861 4169 actu

136 4199 283 4258 Martinus
298 4200 370 4258 eaelo
385 4199 532 4273 preminet
547 4200 595 4256 hie
611 4199 736 4256 tumulo.

98 4289 146 4347 Sia
159 4305 274 4346 memor
287 4294 315 4346 et
331 4288 444 4347 misera
460 4306 591 4363 purgans
606 4287 776 4361 peccamina
792 4286 856 4343 vitas

139 4377 274 4436 Oeeultm
289 4379 405 4436 meritis
419 4378 545 4436 erimina
560 4382 662 4435 nostra
676 4376 748 4434 suis.

136 4523 178 4595 (a)
193 4521 302 4580 Forsan
316 4522 495 4596 suppliciam.

594 282 761 341 mamus
777 275 943 337 astricto
960 277 1104 337 SEVERO
1121 278 1328 340 &minim

96 404 309 489 siaramqnsm
319 402 517 462 laudaverant
527 405 664 481 apostoli,
675 406 705 464 ln
721 421 781 479 qna
796 405 919 461 deseen-
933 404 961 473 Α

1260 409 1331 463 Item
1348 406 1380 463 ia
1397 408 1502 466 absida

979 516 1095 574 Martini
1111 534 1217 593 eorpus
1231 521 1309 578 dotis
1324 523 1489 582 venerabile
1506 527 1592 583 terris

1014 607 1045 662 In
1060 624 1118 679 quo
1135 614 1200 680 post
1213 610 1277 666 vita
1293 616 1427 685 tempora
1441 615 1512 670 vivit
1527 616 1628 673 honor.

978 694 1098 751 'rexerat
1114 696 1143 751 in
1161 697 1289 769 primum
1306 701 1418 771 plebeio
1435 704 1569 760 maehina
1583 706 1662 763 eultu

1014 783 1081 849 Quae
1096 787 1254 843 consessori
1271 805 1328 844 non
1344 794 1407 845 erat
1426 809 1509 864 aqua
1525 811 1588 851 erro.

978 871 1036 928 Nee
1048 873 1212 932 desistebat
1221 876 1299 933 aives
1314 894 1435 936 onerare
1451 883 1582 953 pudore;

1013 961 1111 1019 Gloria
1121 979 1227 1037 magna
1242 964 1306 1036 viri,
1322 967 1414 1038 gloria
1427 987 1518 1042 parva
1533 971 1599 1029 loci.

977 1050 1108 1108 Antiates
1123 1054 1174 1109 sed
1191 1055 1242 1126 qui
1259 1061 1433 1112 numeratur
1447 1066 1547 1115 sertus
1563 1062 1599 1118 ab
1615 1063 1680 1136 ipso

1015 1140 1145 1213 Longum
1161 1148 1321 1215 perpetuus
1337 1146 1460 1202 sustulit
1476 1148 1627 1222 invidiam,

978 1229 1128 1286 laternum
1145 1246 1295 1288 removens
1312 1233 1420 1291 modici
1437 1238 1585 1307 penetrale
1599 1239 1710 1310 sacelli,

1014 1319 1178 1393 amplaque
1193 1326 1269 1378 tecta
1283 1322 1385 1380 levans
1398 1327 1540 1383 exteriore
1555 1329 1652 1403 domo,

979 1407 1196 1482 creveruntque
1212 1411 1300 1467 simul
1317 1413 1412 1470 valido
1427 1416 1575 1474 tribuente
1592 1426 1724 1491 patrono.

1017 1496 1048 1552 ln
1063 1498 1167 1570 spatiis
1182 1501 1253 1557 edis
1268 1504 1401 1558 conditor
1416 1504 1574 1563 immeritis

981 1587 1048 1653 Qum
1064 1587 1266 1646 Salomoniaco
1282 1593 1359 1664 potis
1374 1598 1419 1649 est
1434 1595 1590 1667 confligere
1604 1599 1715 1672 templo

1016 1678 1147 1750 Septima
1162 1695 1226 1751 qua
1243 1681 1353 1737 mundo
1370 1682 1481 1739 labrire
1497 1684 1571 1740 mira
1587 1686 1651 1744 suit.

943 1781 966 1847 B
982 1766 1053 1822 Nam
1069 1769 1206 1840 gemmis,
1222 1786 1303 1836 auro,
1318 1777 1438 1843 argento
1454 1773 1478 1828 si
1494 1776 1633 1845 spenduit
1646 1776 1730 1848 illud,

1016 1854 1097 1911 Istud
1115 1857 1333 1930 transgreditur
1347 1865 1453 1915 cuncta
1468 1861 1587 1918 metalla
1603 1864 1669 1921 lide.

981 1945 1063 2003 livor
1073 1946 1120 2002 abi
1137 1947 1268 2016 mordax,
1286 1948 1533 2023 absolvanturque
1550 1953 1673 2024 priores.

1015 2037 1095 2094 Nihil
1112 2043 1256 2096 novetaut
1271 2042 1359 2096 addat
1374 2041 1492 2113 garrula
1510 2045 1665 2116 posteritas

979 2127 1111 2200 Cumque
1121 2127 1199 2185 venit
1215 2128 1349 2186 Christus
1361 2131 1485 2204 populos
1499 2132 1549 2204 qui
1565 2135 1689 2192 suseitet
1701 2153 1806 2196 omnes

1015 2221 1159 2289 Perpetuo
1175 2218 1281 2274 durent
1296 2218 1425 2275 culmina
1445 2222 1587 2293 perpetui.

1107 2343 1175 2398 ilem
1189 2341 1290 2415 incipit
1301 2343 1435 2414 depositae
1449 2348 1537 2402 eoacti
1550 2346 1674 2405 Martini.

1015 2458 1054 2514 Ill
1070 2456 1110 2514 id.
1136 2459 1303 2515 novembris
1328 2461 1461 2532 pensavit
1474 2460 1505 2517 in
1519 2478 1590 2534 paee
1604 2464 1730 2536 Domini,
1747 2485 1803 2526 no·

980 2549 1025 2602 ote
1040 2547 1147 2604 media.

1081 2676 1149 2731 ltem
1159 2673 1259 2747 incipit
1271 2678 1300 2730 in
1316 2675 1452 2733 memorio
1469 2678 1561 2735 secun·
1572 2679 1698 2753 Remipii.

980 2789 1115 2863 Quinque
1130 2791 1281 2847 beatorum
1298 2793 1519 2852 retinetdomus
1535 2795 1593 2852 ista
1606 2813 1742 2869 aoranae,

980 2884 1110 2948 Quorum
1122 2880 1146 2936 si
1162 2879 1264 2936 titulos
1278 2881 1358 2953 legas
1373 2889 1402 2939 et
1418 2883 1536 2940 nomina
1552 2902 1655 2943 nosces

981 2968 1012 3023 ln
1029 2968 1110 3025 omlis
1121 2986 1186 3042 quae
1195 2969 1305 3041 seripta
1317 2976 1437 3027 manent
1448 2988 1622 3046 semperque
1632 2977 1802 3034 manebunt.

980 3057 1033 3114 flio
1049 3061 1115 3115 ovat
1129 3076 1164 3114 ex
1177 3062 1260 3115 utero
1276 3063 1398 3116 sanetus
1414 3062 1544 3133 Baptista
1553 3063 1714 3122 lohannes.

941 3145 963 3213 G
982 3146 1034 3203 iiio
1047 3147 1126 3203 Felix
1139 3147 1306 3220 Viatorque,
1323 3149 1380 3221 piis
1402 3149 1558 3207 Gervasius
1573 3151 1681 3224 almus,

979 3236 1191 3308 protasiusque
1206 3253 1289 3293 sacer
1304 3244 1375 3293 sunt
1390 3236 1436 3294 bie
1451 3255 1503 3310 per
1517 3239 1625 3295 serula
1635 3245 1735 3310 testes,

982 3325 1036 3390 Qut
1052 3340 1151 3381 veram
1163 3326 1288 3383 doauere
1305 3326 1392 3382 fidem
1407 3342 1503 3398 erues,
1519 3329 1674 3401 sanguine,
1698 3335 1803 3390 morte.

981 3415 1080 3471 Juneti
1098 3414 1230 3487 quinque
1245 3415 1333 3471 simul
1344 3414 1428 3489 digiti
1440 3417 1477 3472 de
1491 3434 1612 3490 corporo
1627 3419 1735 3477 Christi

983 3503 1123 3560 blariunt
1138 3503 1246 3560 selsam
1264 3521 1369 3573 magno
1384 3506 1543 3563 certamine
1560 3506 1689 3581 palmam

984 3591 1137 3665 Perpetuis
1152 3593 1309 3666 dignisque
1327 3595 1383 3650 Deo
1397 3610 1487 3666 quam
1503 3595 1624 3654 iloribus
1638 3604 1754 3657 ornant.

1070 3719 1175 3776 Titulus
1190 3718 1257 3776 titre·
1270 3719 1336 3777 vites
1357 3721 1448 3777 sancti
1461 3720 1578 3778 llurtini
1591 3725 1721 3797 episcopi.

984 3837 1013 3894 Si
1030 3836 1083 3892 tibi
1098 3840 1203 3892 saneta
1218 3835 1291 3892 tides
1307 3835 1330 3892 ei
1346 3836 1460 3892 Christo
1475 3837 1575 3893 dedita
1590 3854 1674 3896 meus
1684 3846 1729 3897 est

983 3925 1134 3983 Pontidois
1149 3925 1224 3982 sarri
1241 3926 1412 3982 meritorum
1430 3925 1506 3984 mole
1521 3928 1669 3999 perennis,

984 4017 1037 4072 Hie
1053 4015 1186 4072 studiose
1200 4019 1283 4088 potes
1298 4015 1415 4071 Martini
1433 4016 1556 4083 discere,
1573 4016 1674 4075 lector.

983 4111 1095 4173 ortum,
1113 4103 1262 4173 militium,
1280 4104 1402 4175 natales,
1418 4110 1511 4177 gesta,
1527 4111 1675 4177 parentes,

983 4194 1163 4258 Dootriuam,
1175 4209 1282 4261 mores,
1299 4193 1447 4266 preconia,
1463 4194 1737 4269 bella,triumphos,

982 4282 1133 4357 Supplicia
1147 4281 1197 4355 (a),
1220 4287 1357 4356 patriam,
1374 4283 1558 4354 dieerimina,
1575 4285 1665 4355 dieta,
1681 4284 1809 4359 labores,

983 4371 1114 4442 Praemia,
1130 4372 1266 4442 virtutes,
1283 4388 1386 4442 evum,
1404 4373 1552 4445 praeconia
1565 4391 1660 4432 saera.
