3960 6240
127 282 183 351 723
551 279 726 334 debanna
743 279 793 333 ab
811 278 984 345 Quosbalt
1002 278 1273 335 PRAECBDRNTES
1291 276 1422 334 ΤΟΜΟΒ.
1788 275 1833 331 724

129 423 233 463 mm·
274 473 455 530 acatholicis
470 473 616 546 episcopis
631 472 989 546 Maximini(5·l)(o),apud
1005 470 1628 541 Siciliamorianorumonciacovcrsnsca·
1678 415 1728 455 οι·
1765 415 1832 458 Μ’

273 563 397 620 thelicus
408 562 606 634 praecipitatur
616 560 1086 634 instinctu,nteosquoquopecto
1098 563 1128 618 in
1142 562 1322 636 impietatem
1343 567 1460 634 cogeret
1477 560 1627 617 arianam.

272 652 428 708 Nonnullis
444 650 671 717 declinantibus,
684 650 828 723 aliquanti
840 651 980 708 durantes
991 651 1021 708 in
1032 651 1089 708 lide
1102 652 1246 709 catholica
1261 666 1502 709 consummavere
1517 655 1629 724 marty·

275 746 364 801 rium.
1663 740 1720 796 305

310 831 467 890 Censorius
483 846 595 901 comes,
610 829 661 902 qui
677 829 791 901 legatus
816 829 927 885 missus
943 829 1038 887 luerat
1053 830 1089 886 ad
1104 833 1214 887 Suevos
1228 829 1278 903 (4),
1294 830 1427 886 residens
1453 827 1562 900 Myrtili
1577 828 1624 900 (c),

276 923 417 979 obsessus
432 937 449 975 a
464 917 593 987 Recbila,
610 919 639 974 in
655 934 726 991 pace
741 935 773 974 so
786 918 884 974 tradit.

168 1030 236 1069 xuni.
311 1006 1600 1081 RexSoavoromdiuturnoperannossaptcmmorboalllictusmcritorHermericus(d).
1775 1006 1819 1060 lll

316 1100 363 1155 81
383 1099 442 1153 Rex
469 1096 600 1167 liechila,
616 1096 727 1169 Hispali
752 1097 881 1165 obtenta,
895 1096 1031 1153 Baeticam
1046 1102 1075 1154 et
1089 1097 1349 1171 Carthaginensem
1367 1096 1403 1171 (4)
1419 1096 1583 1169 provincias
1598 1096 1628 1152 in

279 1206 363 1244 suam
379 1188 485 1260 redigit
500 1191 685 1258 potestatem¹

316 1280 445 1329 14444444
459 1272 594 1329 Ecclesiae
607 1272 686 1328 lillll
699 1270 828 1343 praecidet
844 1274 985 1345 episcopos
999 1272 1051 1329 Leo
1066 1272 1111 1344 (4).

315 1364 420 1418 Sabino
435 1362 573 1434 episcopo
585 1362 621 1416 dc
638 1360 749 1434 Hispali
765 1362 892 1418 factione
906 1361 1029 1434 depulso
1043 1363 1094 1435 (q),
1109 1361 1139 1419 in
1154 1362 1251 1419 locum
1267 1363 1332 1434 elus
1344 1360 1527 1435 Epiphanius
1551 1357 1631 1416 ordi·

281 1459 368 1508 natur
384 1453 499 1517 fraude,
515 1469 571 1507 non
585 1452 662 1523 jore.

317 1542 450 1598 Asturius
462 1542 502 1613 (4)
516 1542 576 1596 dox
591 1540 745 1613 utriusque
765 1541 877 1596 militie
894 1542 929 1597 ad
946 1539 1103 1611 Hispanias
1130 1541 1241 1597 missos
1266 1539 1532 1597 ‘l'arrnconensium
1549 1536 1636 1595 cadit
1672 1553 1705 1592 11.

283 1630 502 1687 multitudinem
520 1630 720 1686 Bacuudarom
733 1630 790 1704 (55)
806 1632 847 1702 (ι’).

176 1739 257 1778 444.
318 1721 442 1777 Cometa
456 1721 549 1786 sidus,
565 1734 706 1792 apparere
721 1718 826 1792 incipit
841 1736 942 1778 mense
953 1722 1105 1778 Deccmbri
1116 1722 1159 1795 (4),
1169 1721 1258 1794 qood,
1274 1734 1458 1792 permenses
1473 1717 1585 1790 aliquot
1597 1717 1637 1774 vi·
1781 1717 1829 1771 lte

283 1826 362 1874 som,
378 1809 428 1865 84
444 1808 654 1880 subsequentis
670 1807 699 1863 in
716 1809 885 1880 pestilentia
900 1807 1001 1883 plaga,
1019 1826 1083 1883 qus
1098 1810 1158 1866 iera
1171 1809 1201 1864 in
1217 1813 1277 1865 toto
1293 1808 1363 1865 orbe
1377 1807 1486 1864 diffusa
1501 1811 1636 1878 estpro-

283 1896 365 1953 misit
380 1901 539 1952 ostentum.

320 1984 647 2056 Constantinopolitanae
663 1984 809 2058 Ecclesia,
819 1986 941 2058 depulso
952 1987 1098 2058 Nestorio,
1110 1986 1248 2060 presidet
1258 1986 1412 2058 spiscopus
1422 1983 1574 2040 Flavianus
1584 1983 1634 2058 (4).
1672 2001 1717 2043 111.

176 2093 224 2131 rm
319 2075 445 2143 asturio,
459 2075 600 2147 magistro
620 2075 774 2148 utriusque
794 2075 916 2148 militias,
930 2094 1020 2152 gener
1035 2079 1131 2152 ipsius
1155 2093 1309 2134 successor
1327 2075 1384 2147 ipsi
1404 2073 1531 2132 mittitur
1542 2079 1635 2132 Mero-
1783 2071 1832 2126 443

284 2164 406 2229 baubes,
416 2169 487 2219 nato
502 2163 610 2220 nobilis
625 2167 654 2219 st
669 2163 840 2238 eloquentior
854 2167 958 2223 merito
973 2167 1016 2223 vel
1031 2167 1158 2224 maxime
1172 2166 1201 2222 in
1216 2165 1360 2238 poematis
1375 2164 1474 2221 studio
1487 2163 1637 2220 veteribus

285 2253 513 2323 comparandus,
529 2250 698 2308 testimonio
722 2253 810 2308 ctiam
838 2254 1008 2324 provehitur
1032 2260 1196 2311 statuorum
1210 2254 1268 2322 (544)
1281 2252 1322 2324 (4).
1339 2251 1422 2309 Brevi
1437 2256 1569 2324 tempore
1584 2266 1635 2324 po·
1673 2266 1712 2307 ιν.

284 2340 402 2396 testatis
417 2358 476 2395 soa
492 2340 754 2397 aracellitanorum
771 2343 820 2415 (m)
836 2342 944 2415 trangit
966 2343 1156 2401 insolentiam
1180 2343 1395 2398 bacaudarum.
1410 2341 1476 2398 idox
1499 2339 1638 2396 nonullo·

285 2446 351 2485 rom
366 2429 477 2485 invidia
492 2436 667 2502 perurgente
679 2431 714 2487 ad
732 2432 833 2489 urbem
849 2432 968 2490 Romam
984 2432 1178 2506 preceptione
1194 2437 1343 2489 evocatur.

177 2538 223 2575 xx.
321 2506 687 2576 suranamriicoccnn.
1784 2517 1834 2570 44

320 2607 522 2676 Sebastianus,
537 2606 599 2664 illic
614 2624 673 2679 quo
685 2607 856 2681 confugerat
872 2609 1084 2683 deprehensus,
1095 2609 1150 2667 sibi
1166 2610 1290 2666 adversa
1305 2606 1640 2666 molirieConstantino·

285 2695 342 2768 poli
358 2696 435 2768 fugit
450 2697 631 2766 admonitus,
647 2703 676 2753 et
692 2699 727 2753 ad
742 2699 920 2756 Theodoram
936 2716 1033 2773 regem
1051 2700 1212 2757 Gothorum
1227 2699 1359 2767 veniens,
1375 2697 1571 2772 conquisitam
1587 2696 1638 2754 88
1677 2696 1731 2751 306

286 2785 353 2856 sibi,
370 2803 428 2857 qua
444 2785 550 2858 potuit,
565 2786 759 2843 Barcinonam
772 2791 814 2857 (a)
829 2789 923 2845 hostis
938 2789 1102 2864 ingreditor
1118 2791 1184 2863 (57).

179 2891 238 2930 xxi.
318 2874 351 2929 ln
367 2874 572 2930 austoricensi
588 2876 660 2932 urbe
679 2875 818 2933 Gallaeaiaa
842 2879 961 2949 quidam
988 2884 1055 2935 ante
1078 2878 1191 2957 aliquot
1213 2895 1307 2936 annos
1330 2877 1456 2934 latentes
1485 2875 1634 2933 Manichaei
1786 2876 1835 2931 445

287 2962 378 3035 gestis
391 2961 609 3035 episcopalibus
625 2965 885 3038 deteguntur,qna
900 2968 936 3023 ab
952 2968 1046 3024 idatio
1061 2973 1090 3025 et
1104 2967 1399 3041 Torihio(58)(ot,qui
1410 2984 1460 3024 eos
1471 2966 1636 3034 audierant,

286 3050 322 3106 ad
339 3051 498 3107 antonium
514 3052 725 3109 Emeritensam
738 3055 909 3127 episcopum
924 3056 1035 3114 directa
1045 3061 1124 3114 sunt.

307 3138 588 3283 19444414,4444444
604 3141 731 3198 Turoaio
742 3144 782 3214 (p)
794 3144 822 3199 in
840 3144 936 3201 littore
951 3145 1091 3203 Gallacioe
1107 3150 1225 3220 repente
1240 3143 1501 3215 advecti,tamilius
1516 3144 1638 3217 capiunt
1675 3160 1710 3200 u.

288 3245 306 3301 p
321 3244 495 3284 urimorum.

179 3339 294 3420 (utilio,
312 3343 344 3420 ot
358 3339 473 3410 opinor,
491 3338 667 3397 Maximinus
682 3345 738 3404 est,
755 3358 823 3397 com
836 3359 894 3413 qoo
911 3348 970 3400 au·
986 3344 1014 3411 Α
1065 3345 1098 3416 (4)
1114 3344 1245 3401 Meminit
1262 3344 1298 3399 de
1311 3342 1366 3399 hcc
1381 3346 1495 3399 cometa
1518 3340 1708 3398 Marcellinus
1719 3340 1778 3396 sub
1789 3356 1850 3395 con·

148 3417 287 3484 guatinas
301 3409 516 3489 llrpponeregio
527 3412 755 3484 disputationem
767 3411 848 3469 illam
858 3415 973 3482 babuit,
1029 3417 1145 3472 solibus
1161 3415 1289 3472 Eudoxio
1311 3420 1340 3472 et
1362 3417 1511 3471 Dioscorc.
1528 3415 1567 3470 Ex
1590 3413 1644 3469 hoo
1667 3412 1733 3469 loco
1758 3413 1849 3467 denuo

148 3499 212 3554 qum
231 3483 307 3537 inter
325 3482 421 3553 ipsius
440 3483 597 3554 augustini
618 3483 712 3556 Opera
732 3488 883 3557 reperitur.
901 3488 973 3544 Vide
1027 3489 1181 3553 discimus,
1198 3489 1323 3545 idatium
1340 3503 1434 3543 annos
1450 3487 1594 3542 deducere
1608 3502 1667 3540 non
1684 3485 1723 3539 ab
1738 3483 1849 3540 Octobri

148 3559 210 3608 not·
225 3553 271 3609 54.
439 3623 445 3634 ,
1027 3560 1057 3615 44
1079 3558 1239 3624 04444444,
1255 3560 1305 3614 sed
1323 3557 1494 3614 alaouario
1509 3557 1538 3612 in
1554 3557 1746 3621 ianuarium,
1762 3556 1851 3626 siqui·

184 3627 221 3694 (4)
237 3625 277 3681 Oa
293 3623 347 3706 bac
359 3622 504 3693 legatione
519 3626 643 3692 idatius,
659 3644 760 3697 supra,
775 3645 852 3684 anno
868 3631 973 3687 437444
1027 3633 1092 3687 dem
1119 3634 1274 3687 liecember
1298 3629 1369 3686 anni
1389 3629 1548 3685 abrahami
1563 3629 1645 3694 2458,
1662 3629 1709 3683 444
1725 3627 1851 3682 adnectit

148 3701 246 3751 autem
262 3697 353 3760 obsta,
369 3695 525 3753 4144444444
540 3699 569 3752 44
586 3698 727 3770 Hispania
742 3702 860 3757 resedit.
1026 3704 1138 3758 idatios
1155 3704 1232 3758 hunc
1247 3708 1390 3756 cometam
1407 3718 1484 3757 anno
1501 3701 1563 3766 444,
1580 3699 1636 3755 nisi
1649 3700 1676 3754 is
1687 3698 1850 3754 stannatio

182 3766 442 3849 (clloppid‘umest
466 3766 625 3824 Lusitania
649 3771 686 3825 ad
709 3770 878 3828 ulteriorem
903 3774 972 3842 aua
1026 3775 1159 3858 incipiat,
1189 3789 1363 3830 concurrere
1388 3788 1446 3828 non
1478 3771 1573 3844 potnit
1602 3787 1670 3827 cum
1701 3769 1850 3826 Deccmbri

150 3839 282 3894 llomrnrs
306 3853 328 3892 rr
352 3855 412 3904 am,
427 3840 504 3909 qood
521 3857 599 3897 nunc
615 3858 719 3912 parum
745 3844 902 3900 immutato
918 3862 972 3899 no·
1026 3862 1095 3902 anm
1112 3847 1165 3901 442
1179 3862 1242 3900 aro
1257 3844 1398 3916 volgaria,
1414 3860 1474 3914 qoo
1490 3844 1520 3899 hi
1539 3843 1677 3899 consulas
1692 3843 1824 3898 luerunt.

147 3911 226 3966 utine
241 3855 494 3993 Mertoiadicitur.
1063 3917 1102 3989 (t)
1125 3917 1257 3972 Ecclesia
1285 3915 1616 3986 Constantinopolitano
1640 3916 1778 3969 nondum
1803 3912 1850 3968 hoc

182 3983 220 4053 (4)
236 3985 267 4038 44
277 3981 404 4038 Hrstcrna
420 3982 583 4037 Suevorom
598 3984 700 4039 cadom
716 3991 816 4041 narrat
831 3986 971 4053 Isidorus,
1026 3993 1157 4058 tempora
1172 3994 1294 4060 praerat
1310 3986 1474 4057 Flavianus,
1485 3988 1547 4059 qui,
1559 3985 1695 4042 Nestorio
1710 3984 1749 4040 ab
1764 4000 1851 4040 caex-

146 4052 537 4125 adnotatqoe‚Hcrmericom
554 4070 631 4109 xaxu
647 4073 740 4112 annos
755 4073 908 4128 44444444(
921 4060 970 4129 444
1025 4062 1142 4116 turbato
1158 4076 1234 4116 anno
1249 4060 1311 4125 434,
1324 4076 1380 4114 444
1393 4061 1525 4130 proximo
1539 4055 1778 4113 successitNam
1792 4060 1852 4126 post

146 4141 212 4179 com
230 4125 284 4180 hoc
300 4140 376 4180 anno
391 4124 507 4189 obierit,
518 4125 548 4180 id
561 4126 640 4181 enim
655 4131 779 4184 testatur
797 4130 971 4202 idatios,qui
1024 4131 1191 4188 Nestorium
1216 4132 1344 4204 primum
1368 4130 1562 4186 Maximianus
1585 4128 1674 4184 annia
1689 4144 1734 4194 111,
1752 4127 1851 4183 deinde

146 4198 221 4250 inter
231 4201 340 4278 Soeyos
355 4198 488 4267 degebat,
500 4213 647 4269 quemque
663 4200 793 4255 isidorus
809 4203 972 4257 exscribere
1026 4202 1176 4259 Patroclus
1192 4220 1243 4259 xor
1260 4202 1419 4258 Ecclesiam
1435 4201 1517 4256 illam
1533 4206 1682 4256 rexerunt.
1701 4203 1850 4254 Postremo

146 4266 231 4333 solet,
258 4266 337 4322 itlius
365 4284 488 4335 ragnum
516 4285 635 4325 necesse
659 4276 705 4327 est
728 4288 806 4327 anno
823 4273 874 4327 409
888 4289 970 4328 exor·
1023 4275 1180 4330 Flavianus
1196 4291 1273 4330 anno
1290 4275 1341 4329 447
1356 4276 1557 4344 episcopatum
1574 4272 1657 4327 illum
1675 4270 1785 4326 tenuit.

146 4338 241 4421 diurn,
258 4354 335 4420 anno
348 4341 480 4418 scrutil
500 4339 587 4395 linem
612 4344 772 4414 accepisse.
789 4344 973 4414 Quapropter
1061 4346 1163 4417 roasa
1174 4348 1210 4402 de
1223 4351 1353 4402 44444444
1361 4344 1718 4402 Merobaodaconlrrmata
1726 4340 1851 4415 reperies

146 4415 230 4463 nmtro
245 4409 372 4463 Sucvrcae
398 4409 526 4465 historia
549 4428 604 4466 cera
628 4413 680 4467 447
694 4419 723 4470 44
737 4414 767 4470 in
783 4421 876 4471 morte
902 4417 971 4472 ller-
1025 4422 1085 4473 not.
1100 4419 1145 4472 56.

149 4480 249 4562 marici
264 4496 321 4534 asra
336 4480 389 4561 4ῖ9
403 4481 612 4551 consignanda
627 4491 721 4550 erant,
731 4491 760 4540 et
773 4503 831 4541 non
848 4487 923 4555 alias,
939 4493 972 4543 ut
1060 4490 1110 4561 (m)
1127 4488 1249 4553 l’linios,
1265 4487 1316 4543 lib.
1332 4505 1376 4553 nr,
1388 4502 1451 4558 cap.
1463 4487 1491 4556 3,
1504 4485 1638 4542 meminit
1651 4484 1850 4541 arocelitano·

146 4568 207 4622 Jam
223 4557 309 4607 antea
329 4552 537 4609 animadvertit
552 4553 711 4626 Elorcsius,
725 4562 796 4613 tom.
813 4558 848 4614 Vl
865 4561 970 4632 Hispa·
1024 4577 1100 4628 rum,
1116 4576 1192 4631 quos
1216 4560 1371 4615 conventui
1393 4560 1657 4630 caesaraugustano
1673 4557 1815 4612 attribuit
1829 4559 1852 4608 44

148 4625 203 4679 nias
219 4639 320 4686 44444,
336 4637 402 4694 pag.
417 4624 480 4679 526.
1025 4631 1234 4704 stipendiarios
1250 4631 1341 4687 luisse
1357 4630 1548 4687 affirmatao
1562 4627 1742 4684 arocelitani
1759 4625 1852 4693 Plinii,

182 4696 208 4766 (4
234 4695 357 4750 44444444
374 4695 538 4777 provincias
553 4697 658 4754 ratioet
675 4700 829 4755 annalib.
989 4702 1202 4776 Barracillum
1234 4701 1495 4773 araciunculam
1520 4700 1625 4769 Orosii,
1640 4704 1669 4754 et
1685 4698 1769 4772 qnod
1784 4701 1853 4754 alra·

181 4775 190 4832 (
228 4766 301 4821 Com
320 4767 420 4821 Leonis
436 4768 624 4829 pontillcatos
636 4770 743 4827 itcrom
760 4773 920 4827 adnotatus
932 4772 971 4828 sit
1027 4775 1122 4831 cmlim
1138 4778 1223 4830 vocat
1239 4773 1504 4841 antoninos‚idem
1519 4770 1639 4829 omnino
1655 4770 1717 4826 sint
1733 4787 1769 4826 ac
1784 4784 1852 4842 quos

145 4838 453 4906 inl'raadannumhli,
465 4839 610 4895 istaoerto
622 4841 723 4898 nbalio
734 4845 866 4914 quamab
879 4845 970 4901 idatio
1026 4843 1236 4902 Aracellitanos
1259 4845 1306 4901 hic
1326 4850 1409 4900 vocat
1425 4844 1547 4909 idatios,
1562 4843 1708 4898 incertum
1727 4845 1785 4898 est.
1802 4840 1851 4897 Sed

145 4910 336 4979 scriptasont
347 4914 376 4964 44
387 4910 530 4966 Chronico
541 4912 669 4982 subdita,
682 4931 748 4970 nam
760 4917 794 4970 de
805 4916 969 4971 hacleonis
1027 4917 1185 4973 verisimile
1209 4916 1292 4972 valde
1316 4921 1361 4973 est
1385 4918 1421 4972 da
1444 4919 1545 4972 eodem
1567 4918 1690 4970 cunctos
1706 4913 1790 4984 loqui
1805 4929 1853 4982 op·

144 4981 285 5038 electione
301 4981 373 5036 nihil
391 4982 516 5039 idatium
527 4984 660 5050 scivisse,
671 4992 807 5042 currente
818 5004 896 5042 anno
908 4988 969 5054 445,
1026 4990 1106 5062 pido,
1123 4989 1201 5060 quod
1219 5005 1297 5044 nnnc
1313 4989 1400 5044 etiam
1416 4994 1513 5044 extare
1528 4992 1557 5042 et
1571 4984 1680 5042 arociet
1695 4984 1787 5058 vulgo
1807 5000 1852 5055 ap·

145 5054 286 5109 denotant
295 5053 440 5123 praecipuo
451 5056 538 5110 verba
548 5072 610 5126 quas
623 5057 663 5112 ibi
674 5056 969 5129 legontor‚videlicat:
1025 5059 1127 5134 pallori
1143 5063 1243 5116 censet
1256 5060 1364 5116 Zorita.

145 5130 201 5206 Per
211 5125 477 5209 cpiscopomiiomae
491 5134 557 5181 tunc
568 5131 777 5199 procidentem.
791 5134 930 5186 etcsane
945 5131 969 5186 si
1061 5134 1101 5258 (4)
1117 5131 1235 5188 Decimo
1252 5132 1358 5187 abhinc
1374 5146 1450 5185 anno
1465 5126 1631 5186 Sebastiani
1654 5127 1812 5198 aufugium
1827 5124 1852 5180 in

147 5200 281 5251 scivisset
297 5197 442 5263 pontificis
463 5214 579 5265 nomen,
597 5216 654 5255 non
670 5200 709 5256 ita
724 5200 901 5272 loqueretur,
919 5203 970 5257 sad
1026 5203 1166 5274 paatium
1193 5202 1318 5258 Orientis
1348 5202 1477 5258 narravit
1507 5199 1629 5257 idatios.
1657 5198 1756 5267 illinc,
1783 5213 1853 5254 cono

146 5267 278 5323 dicarat:
294 5268 482 5337 perhennem,
497 5275 552 5325 etc.
1026 5277 1090 5340 440,
1107 5275 1135 5330 in
1152 5274 1278 5330 alriram
1295 5274 1508 5340 transmisisse,
1526 5275 1614 5327 rel'ert
1634 5269 1775 5396 Prosp'cr,
1792 5284 1850 5325 eom

167 5338 222 5419 ,(4)
236 5337 399 5394 Chronicon
414 5346 537 5396 Parvum
554 5342 590 5397 dc
605 5341 661 5397 hoc
672 5342 781 5399 Sabino
789 5343 910 5399 subaera
920 5345 972 5399 495
1026 5347 1137 5403 idatius
1153 5346 1318 5402 exoriente
1334 5347 1368 5401 od
1385 5342 1701 5416 aquitaniomvenisse
1736 5355 1852 5397 ocannn

148 5414 189 5462 art
207 5413 294 5489 :auct
307 5427 398 5464 44444
423 5427 469 5477 xx,
494 5429 578 5485 quma
601 5420 763 5477 certaverat.
788 5417 918 5486 expulsos
940 5417 973 5471 dc
1026 5425 1055 5475 et
1067 5418 1234 5489 insequenti
1249 5434 1282 5472 rx
1298 5417 1439 5488 Hispania
1455 5418 1483 5471 in
1501 5414 1626 5470 alricum
1641 5412 1851 5485 commigrasse

148 5479 264 5545 Geticis,
277 5479 313 5534 ud
326 5482 468 5550 propriam
478 5485 567 5540 rediit
579 5486 850 5557 Ecclesium.Siergo
862 5489 972 5557 ejectus
1027 5490 1163 5545 44444444.
1180 5489 1250 5545 Vide
1266 5495 1325 5543 not.
1341 5491 1386 5543 57.

147 5552 203 5606 luit
218 5550 274 5605 hoc
290 5566 377 5618 anno,
393 5555 489 5609 redire
504 5571 561 5612 non
578 5557 672 5627 potuit
687 5562 754 5613 ante
770 5575 856 5613 aram
873 5561 935 5614 499.
1062 5560 1100 5632 (ο)
1112 5560 1260 5629 ldatioaet
1272 5553 1849 5631 'l‘uribinsbaegestaconlicinnthecnis

166 5623 222 5706 1(4)
235 5624 327 5688 Quem
340 5639 417 5706 anno
433 5625 486 5680 420
499 5628 663 5684 Astericum
679 5634 773 5693 vocat,
790 5646 868 5686 nnnc
883 5635 972 5687 astu·
1026 5632 1158 5702 exemplo
1169 5631 1457 5704 provocatianeaad
1468 5630 1628 5685 autonium
1641 5627 1848 5683 Emeritensem

147 5711 226 5750 riom
242 5712 280 5765 ap
301 5692 382 5759 ellat.
397 5698 529 5768 itemque
543 5699 629 5756 annia
642 5701 696 5756 443
710 5705 738 5758 44
753 5701 815 5756 449.
1027 5705 1172 5760 miserunt
1186 5709 1325 5775 tanquam
1347 5709 1437 5759 metro
1461 5700 1587 5757 olitami
1602 5700 1676 5756 Vide
1690 5705 1791 5754 notam
1805 5697 1846 5752 53.

183 5766 216 5838 (ἱ)
232 5711 488 5823 baiowariorum
504 5770 630 5828 lectione
644 5773 709 5830 vide
723 5777 823 5830 notam
837 5773 882 5828 55.
1062 5779 1102 5847 (p)
1117 5775 1375 5832 Meminit'l'uronii
1396 5719 1487 5845 halica
1503 5771 1607 5828 divisio
1626 5770 1846 5844 episcopatuum
