3960 6240
126 349 181 407 883
776 351 823 406 DE
842 351 964 408 BBUB
981 350 1189 411 airusalem
1785 352 1841 414 88⁴

129 483 187 536 tote
200 478 344 546 venerari,
353 480 553 550 possumusne
561 476 677 535 aelerna
690 481 747 536 toa
755 476 954 551 propositionis
968 479 995 548 Α
1010 477 1199 537 laudatorum
1214 479 1306 538 trium
1323 480 1536 554 apostoloram.
1551 485 1655 556 Meque
1671 482 1702 540 ln
1716 483 1844 542 vetustis

129 568 345 634 abundantiam,
362 565 556 640 multiplicatis
571 567 956 642 intercessoribcqtcrqioris.
1011 566 1201 641 Gregorianis
1216 569 1372 627 codicibus
1389 570 1789 630 inveniasJanuariomensa
1796 589 1842 630 ao·

133 658 176 714 Mn
193 656 733 730 undesumptaolimluitoratioquam
744 658 958 716 Ecclesisnunc
1013 657 1137 716 lamnam
1153 660 1231 716 diem
1247 681 1263 712 a
1278 661 1373 718 sancti
1389 659 1536 719 vincentii
1547 663 1720 736 martyris.»
1737 663 1843 736 quita·

133 745 254 803 adhibet
269 747 298 800 in
315 747 389 802 testo
404 745 545 804 Omnium
570 747 755 805 Sanctorum.
772 749 870 806 Liceat
884 746 959 804 mihi
1017 762 1084 805 men
1099 747 1128 804 in
1140 747 1311 807 calendario
1321 749 1668 810 Martenianovisitur.ln
1680 766 1845 824 aequoque

132 836 222 893 etiam
243 835 477 893 animadvertere
501 853 560 893 non
584 841 671 894 tants
694 837 879 908 antiquitatis
894 853 959 894 esse
1014 835 1139 892 retertur
1152 837 1189 892 ad
1203 837 1282 894 diem
1296 837 1333 893 23
1346 837 1419 896 lulli
1435 860 1448 892 a
1464 837 1561 896 natale
1576 838 1676 897 sancti
1690 837 1842 912 Apollina-

131 924 338 984 Calendarium
358 924 430 982 illud
451 927 630 996 Romanum,
656 927 733 999 quod
760 927 870 1001 publici
881 926 959 998 juris
1014 925 1055 980 ris
1070 925 1209 997 martyria
1224 927 1844 987 Ravenna.»Veruminvetustiasimisbs·

132 1015 225 1072 iacere
237 1015 367 1071 celebres
377 1017 560 1073 Benedictini
574 1015 712 1073 monaehi
722 1020 850 1074 Murteae
860 1017 959 1074 etllu·
1014 1017 1218 1073 oramentarils
1233 1014 1421 1086 Gregorianis
1436 1017 1585 1090 ejusmodi
1600 1019 1713 1077 testum
1731 1035 1845 1092 nequa·

132 1104 216 1160 rand.
234 1103 277 1160 lbi
293 1102 402 1177 legitur
418 1126 434 1157 c
448 1104 546 1162 natale
565 1105 662 1162 saneti
677 1105 779 1164 lacobi
804 1105 928 1178 apostoli
944 1127 959 1156 n
1013 1118 1104 1173 quam
1118 1102 1237 1178 legitur,
1252 1104 1292 1162 ita
1308 1107 1412 1179 ullam
1429 1105 1590 1181 intelligas,
1611 1107 1845 1166 Calendarioiili

132 1196 168 1252 ad
186 1195 263 1252 diem
279 1196 316 1251 25
336 1195 447 1253 munais
471 1195 542 1253 Julii
558 1215 565 1266 ;
582 1201 611 1253 et
625 1198 661 1254 ad
692 1197 771 1254 diem
797 1197 833 1254 25
859 1197 959 1270 Augu-

132 1284 183 1352 sti,
202 1306 215 1334 u
234 1283 332 1340 natale
348 1283 444 1340 sancti
460 1283 666 1342 Bartholomai
693 1286 837 1360 spostoli;
854 1306 867 1340 r
884 1291 913 1343 et
924 1286 959 1343 ad

132 1373 210 1430 diem
227 1375 259 1428 21
275 1373 469 1445 septembris,
488 1395 501 1428 a
518 1374 615 1432 natale
640 1376 734 1432 saneti
750 1375 878 1433 llatthrei
894 1392 961 1449 apo·

133 1462 211 1521 stoli.
229 1485 244 1514 s
258 1462 314 1519 Sed
330 1462 437 1521 aceolo
453 1463 562 1522 Christi
573 1481 651 1522 nono
667 1465 840 1523 testivitates
855 1464 960 1536 hujus-

133 1553 213 1610 modi
230 1553 258 1608 in
274 1552 406 1610 ltoclesia
422 1557 553 1611 Romana
568 1555 698 1611 nondum
716 1554 900 1611 habebantur
914 1555 961 1610 in·

1014 1191 1100 1265 longe
1114 1193 1258 1252 minorem
1274 1195 1462 1253 tribuendam
1477 1211 1540 1254 esse
1553 1202 1844 1272 vetustatem.quam

1014 1280 1180 1340 doctissimi
1194 1283 1214 1339 ii
1231 1283 1367 1342 monachi
1382 1302 1558 1359 persuasum
1572 1286 1720 1345 habuere.
1738 1287 1783 1345 Ex
1796 1286 1843 1345 Sa·

1015 1372 1215 1430 eramentsriis
1230 1378 1328 1431 antem
1344 1374 1500 1434 Gelasiano
1522 1380 1551 1434 et
1564 1376 1754 1450 Gregoriano
1771 1376 1844 1435 inira

1014 1460 1136 1518 edendis
1149 1478 1319 1536 quanquam
1331 1461 1424 1522 lector
1436 1465 1609 1539 dignoscere
1625 1483 1679 1540 per
1688 1481 1725 1524 se
1741 1468 1841 1540 possit.

1015 1555 1086 1622 quot
1099 1551 1226 1608 subinde
1239 1552 1352 1611 iestain
1364 1553 1484 1612 blissale
1496 1555 1728 1614 aoBrariarinm
1743 1559 1845 1614 Itoma-

25 1805 29 1814 .
135 1731 272 1792 montorii
287 1731 457 1805 Gregorianl
476 1733 630 1801 Vaticano,
657 1732 872 1800 0thoboniano‚
888 1732 962 1788 Vin-

1015 1653 1086 1694 num
1100 1637 1213 1696 invecta
1227 1639 1338 1697 inerint
1356 1655 1451 1714 usque
1466 1643 1502 1699 sd
1518 1648 1656 1717 tempora
1677 1647 1798 1714 nostra,
1811 1645 1842 1701 ad

1016 1729 1113 1800 mnjus
1127 1733 1225 1787 tamen
1239 1729 1334 1803 ipsius
1351 1731 1540 1789 commodum
1565 1733 1722 1806 subjicere
1737 1730 1843 1807 plaudit

135 1820 309 1887 debonensi,
323 1825 352 1877 et
366 1823 536 1878 Mutinensi.
549 1825 707 1895 Propterea
724 1822 880 1879 Codicibus
894 1820 961 1878 istis
978 1861 1001 1929 B
1016 1817 1135 1875 illorum
1151 1835 1270 1893 quoquo
1284 1820 1467 1891 calendaria,
1484 1826 1517 1878 ul
1530 1825 1586 1880 snb
1603 1839 1665 1880 uno
1680 1828 1840 1898 conspecta

134 1914 281 1965 vetustate
295 1909 425 1982 impares
441 1910 580 1967 censendi
591 1909 634 1966 illi
647 1910 756 1984 quibus
771 1911 818 1967 nai
829 1909 962 1967 suntPs·
1018 1907 1136 1982 singula
1151 1925 1252 1966 eorum
1267 1914 1434 1984 temporum
1452 1912 1526 1969 leste
1540 1911 1726 1970 habeantur.

135 1997 243 2054 melius
253 2004 283 2055 et
291 1999 450 2056 Manardus
462 2016 469 2056 τ
480 1999 676 2072 inipaisenim
687 2005 803 2057 exstant
811 2001 885 2058 festa
893 2018 963 2073 pra-

907 2114 1308 2246 ΜΑΜΙΞΛΒΕΝΟΔΒΙΠΜ
1323 2188 1513 2257 sustollunt
1529 2189 1810 2253 aauuoltrsltttrt.

1015 2276 1149 2347 (laland,
1165 2282 1267 2336 octava
1281 2279 1408 2337 Domini.

1011 2380 1065 2422 vtrr
1081 2365 1134 2434 la,
1152 2366 1324 2440 Epiphania.

134 1642 961 1716 stitutae,utoonstatexantiquissimisjilodioibusSacra·

284 2185 543 2244 KALENDARIUM
564 2185 808 2244 GMLASIANUM.

136 2274 267 2348 calend,
283 2282 386 2333 octaua
399 2275 511 2333 Natalis
525 2275 654 2334 Domini.

134 2383 186 2422 utu
202 2366 256 2434 ld.‚
273 2364 473 2438 Theophanis.
640 2434 642 2438 7

135 2472 186 2513 xix
200 2456 258 2511 Gal.
275 2456 371 2511 Pebr..
388 2453 482 2511 saneti
498 2452 601 2513 Felicia
615 2453 804 2513 confessoris.
839 2489 841 2493 ‚
1016 2472 1064 2511 xix
1079 2454 1139 2512 cal.
1155 2456 1251 2526 Febr„
1263 2457 1358 2515 saneti
1372 2457 1476 2516 Feliels
1492 2459 1522 2516 in
1533 2459 1644 2519 Pincia.

135 2561 195 2601 xvir
211 2543 270 2601 Cal.
288 2545 384 2613 Febr„
400 2546 494 2602 saneti
507 2542 634 2601 Marcelli
649 2543 838 2602 contessoris.
1015 2562 1073 2601 xvir
1090 2546 1149 2602 Cal.
1166 2545 1263 2618 Febr„
1279 2547 1308 2606 S.
1324 2547 1457 2606 Marcelli
1473 2565 1565 2623 papa.

140 2634 262 2692 atttCal.
279 2634 374 2690 Febr..
394 2638 565 2690 sanctorum
590 2641 753 2707 martyrum
781 2632 959 2703 sebastiani,
1015 2651 1050 2690 xv
1065 2635 1126 2692 Cal.
1143 2636 1239 2708 Febr„
1256 2642 1365 2695 saneta
1377 2640 1493 2696 Prisca.

172 2720 280 2788 Maria,
297 2720 417 2790 Marthi,
431 2721 567 2790 audifax,
582 2725 612 2777 et
632 2722 761 2779 Abacuc.
779 2722 850 2778 item
866 2719 960 2778 saneti
1014 2739 1065 2780 aur
1082 2724 1141 2781 (tal.
1159 2727 1254 2798 Febr„
1272 2734 1442 2786 sanatorum
1459 2727 1577 2786 Fabiani
1592 2733 1623 2787 et
1637 2729 1819 2790 sebastiani.

173 2809 293 2865 Fabiani
309 2811 457 2882 martyris.

141 2915 182 2956 an
196 2898 255 2955 Cal.
272 2897 363 2964 Febr„
382 2902 489 2955 sancte
504 2898 636 2971 Agnetis.

142 3003 161 3044 r
176 2986 236 3044 Cal.
254 2987 350 3055 Febr„
365 2987 503 3044 nativitas
519 2994 627 3044 sancta
641 2988 769 3061 Agnetis.

1014 2830 1054 2870 ιιι
1068 2814 1129 2872 cal.
1148 2816 1242 2885 Febr..
1258 2823 1369 2875 sancta
1386 2819 1517 2890 agnatis.

1015 2918 1045 2958 ιι
1057 2901 1117 2962 Cal.
1135 2905 1229 2974 Febr„
1245 2907 1340 2963 saneti
1355 2905 1511 2964 vincentii.

1013 3007 1031 3047 v
1046 2990 1107 3050 Gal.
1125 2993 1218 3064 Febr„
1230 3000 1338 3053 sancta
1352 2996 1475 3070 Agnetis
1490 2997 1633 3055 secundo.

907 3103 1063 3146 manusco

973 3183 994 3251 c
1014 3195 1044 3236 rr
1061 3179 1146 3250 Non,
1161 3179 1327 3256 Ypspante,
1338 3182 1398 3241 sive
1409 3183 1575 3243 Purificatio
1590 3188 1707 3244 sanata
1736 3184 1841 3245 Maria.

1016 3268 1118 3343 Nonis,
1134 3278 1244 3332 sancta
1257 3279 1368 3350 agata.

1283 3363 1514 3439 septuagesima.

1281 3453 1479 3527 Sexagesima.

1282 3544 1546 3619 Quinquagesima.

1281 3633 1522 3706 Quadragesims.

1021 3734 1068 3774 ιιι
1083 3719 1143 3777 Cal.
1159 3725 1258 3794 Mart,
1274 3721 1368 3780 saneti
1383 3722 1543 3781 Valentini.

135 3192 163 3254 ru
182 3173 268 3247 Non„
285 3173 452 3232 Purisseatio
467 3180 576 3232 sancte
591 3175 700 3232 Maria.

136 3263 225 3335 Non,
240 3268 349 3320 sancte
364 3264 490 3337 Agathe.

137 3369 167 3411 ru
182 3353 237 3426 ld.‚
253 3358 361 3413 saneta
377 3354 497 3411 Soteris.

402 3442 635 3517 septuagesima.

404 3533 603 3607 sexagesima.

406 3625 667 3700 Quinquagesima.

405 3715 647 3789 Quadragesima.

137 3818 186 3859 avr
201 3802 261 3862 Cal.
278 3803 374 3872 Mart,
392 3809 562 3861 sanctorum
577 3803 734 3873 Valentini,
744 3803 857 3875 vitalia,
871 3808 900 3862 et
913 3805 959 3862 qq.

172 3892 277 3950 lioula.

136 3998 188 4040 xttt
203 3981 264 4040 Cal.
278 3982 380 4055 Mart,
394 3986 502 4040 sancta
515 3981 648 4039 luliana.

925 4100 1049 4143 usnrrcs
1114 4158 1119 4167 ι

1016 4190 1044 4230 tv
1059 4173 1115 4241 ld..
1132 4171 1227 4230 saneti
1236 4171 1368 4245 Gregorii
1383 4176 1479 4245 Papa.

1015 4279 1064 4319 ιιιι
1079 4261 1139 4320 Gal.
1156 4263 1239 4335 lips„
1254 4259 1448 4407 Affiffim
1465 4263 1577 4319 sanatas
1590 4261 1704 4321 Marias.

135 4170 237 4240 Nonis,
254 4176 424 4230 sanctarum
441 4173 589 4247 Perpetua
605 4175 634 4230 et
649 4170 818 4229 Felicitatis.

136 4277 188 4319 sur
202 4261 264 4319 Cal.
280 4263 388 4336 April„
405 4263 598 4322 annuntiatio
612 4268 722 4321 sancte
735 4262 844 4321 Maris.

403 4351 518 4409 Pascha

936 4466 1087 4607 trigiam
1100 4538 1159 4597 Gal.
1176 4538 1256 4612 Maii,
1272 4541 1444 4596 sanctorum
1459 4537 1587 4596 'l'ihurtii
1598 4541 1628 4597 at
1644 4539 1807 4600 Valeriani.

1016 4645 1047 4686 ra
1060 4628 1121 4687 cal.
1138 4626 1217 4698 Maii,
1231 4627 1325 4685 sancti
1342 4627 1470 4701 Georgii.

1018 4735 1046 4774 ιν
1059 4717 1119 4774 cal.
1132 4716 1211 4786 Maii,
1227 4716 1322 4774 saneti
1336 4715 1454 4775 Vitatis.

944 4832 1035 4873 uaros

136 4908 285 4977 Calendis,
301 4907 429 4982 Philippi
444 4913 473 4967 et
486 4909 587 4966 lacobi
602 4908 815 4983 apostolorum.
1014 4904 1146 4964 Calend..
1162 4902 1364 4979 apostolorum
1380 4903 1508 4980 Philippi
1523 4912 1552 4963 et
1564 4905 1682 4964 iacobi.

403 4999 543 5057 ascensio
557 4999 685 5058 Domini.
1013 5012 1030 5050 v
1047 4994 1133 5063 Non„
1150 4998 1321 5051 sanctorum
1336 4993 1506 5063 Alexandri,
1524 4994 1647 5067 Ενιιιίίἰ,
1663 4999 1694 5052 et
1707 4994 1836 5054 Thoduli.

136 5105 152 5145 ι
165 5089 253 5160 Non„
269 5087 364 5145 sancti
379 5088 579 5146 iuvenalialit
593 5087 725 5147 inventio
741 5090 850 5145 sancte
859 5083 961 5142 Crucis
1015 5084 1092 5141 Prid.
1108 5082 1196 5152 Non,
1211 5082 1308 5141 natale
1323 5083 1418 5140 saneti
1432 5083 1556 5142 loannis
1571 5088 1641 5142 anta
1656 5090 1776 5159 portam
1790 5089 1834 5142 la·

404 5177 584 5236 Pentecoste.
1052 5173 1153 5230 tinam.

171 5283 199 5322 ιι
216 5267 273 5336 ld„
290 5270 460 5325 sanctorum
488 5266 572 5324 Nerei
595 5272 625 5324 et
649 5264 774 5325 achillei
797 5266 917 5334 fratum,
933 5267 962 5320 et
1013 5279 1043 5320 vr
1059 5261 1116 5330 ld„
1131 5263 1301 5319 sanctorum
1318 5260 1458 5318 Gordiani
1472 5266 1501 5319 at
1515 5262 1680 5337 ltpimachi.

139 5356 234 5412 sancti
248 5355 408 5413 Pancratii.
951 5420 956 5430 q
1282 5350 1422 5409 incensio
1437 5351 1563 5409 Domini.

1017 5458 1045 5498 ιι
1059 5441 1114 5512 ld,
1129 5439 1225 5498 sauotl
1237 5438 1394 5497 Pancratii.

1283 5528 1463 5588 Pentecoste.

1017 5635 1049 5677 ιιι
1066 5618 1120 5687 ld.,
1136 5618 1234 5676 natale
1248 5621 1358 5676 sanctas
1374 5617 1472 5674 Maria
1488 5619 1524 5676 ad
1539 5619 1698 5697 Martyres.

1017 5723 1069 5766 virt
1084 5707 1143 5768 cal.
1160 5708 1239 5779 lun.¹
1256 5707 1353 5768 sancti
1369 5705 1480 5768 Urbani
1494 5724 1588 5785 papa.

139 4537 224 4611 ldih.,
241 4549 349 4596 sanetae
364 4537 544 4611 Euphemia.
