3930 6240
78 335 150 392 ress
737 373 746 402 ,
807 334 839 387 a.
860 334 1033 390 smaano
1051 338 1214 396 scanne.
1713 347 1782 405 rest

74 480 129 520 rus
153 463 245 520 totius
261 461 373 519 externi
389 460 593 530 tumultua'et
605 461 810 518 tautummodo
833 461 902 518 ieris
916 459 945 526 Α
959 478 1056 520 sermo
1072 464 1177 537 agitur.
1197 486 1210 518 s
1231 471 1345 523 ttuntes
1360 467 1460 541 itaqua
1477 476 1674 541 pervenerunt
1689 474 1724 528 ad
1741 475 1783 530 lo-

76 549 908 625 eremiqusjtamiltarisslmiaanimantibusperviusbam-
961 565 1038 620 cum,
1053 551 1083 607 in
1099 568 1157 624 quo
1172 551 1288 610 Domini
1303 570 1416 622 servus,
1432 555 1525 611 bestia
1538 557 1596 612 sibi
1612 558 1783 632 famulante,

76 658 245 714 queearum
258 642 385 697 adventu
394 656 470 713 sepe
483 640 667 708 visitabatur,
675 639 754 697 itaut
764 642 907 713 quodam·
960 640 1119 698 Dominum
1135 643 1284 699 exorabat.

76 730 167 786 modo
191 732 228 786 de
243 746 276 787 eo
293 731 409 803 proprie
433 730 545 786 dictum
562 730 729 786 videretur:
753 731 786 785 et
810 731 907 788 besttae
995 730 1076 786 Tunc
1092 732 1222 800 rex,viso
1235 732 1290 788 hoc
1302 732 1455 801 miraculo,
1470 750 1658 807 nequaquam
1669 735 1720 791 Dei
1734 754 1785 809 po·

74 826 162 878 terrae
184 821 309 892 pacificae
344 823 426 876 erant
451 819 513 874 tibi.
541 820 610 874 Erat
640 835 768 890 namque
790 824 906 890 specta·
960 820 1082 875 tentiam
1098 821 1214 876 studuit
1228 821 1256 877 in
1272 822 1382 879 talibus
1397 823 1539 890 venerari,
1555 825 1783 898 sed,permotus

74 910 135 965 bile
151 909 250 965 videre
266 908 420 976 bubalum,
437 908 486 980 qui
505 908 532 962 in
549 924 583 964 ea
602 908 756 980 provincia
779 906 907 963 difficilis
961 909 1171 981 indignatione,
1186 910 1521 984 basincrepandovoces
1535 913 1784 986 coepitemitteroc

73 1008 120 1055 est
135 999 267 1068 inventu,
283 999 360 1054 inter
382 1003 487 1055 catera
499 998 664 1054 animantia
690 999 854 1054 venientem
869 999 905 1054 ad
962 1021 972 1047 ι
991 999 1082 1065 Unde,
1099 999 1206 1071 inquit,
1221 1001 1314 1068 vobis,
1332 1018 1347 1058 o
1363 1002 1519 1073 incognitae
1536 1019 1678 1074 persone,
1703 1008 1785 1060 tanta

74 1103 155 1143 eum.
172 1088 207 1142 et
222 1087 273 1158 qui
284 1092 352 1142 ante
363 1087 557 1159 spissioribus
569 1102 633 1143 sese
646 1087 717 1143 locis
729 1093 844 1144 tantum
856 1105 906 1145 oc·
959 1088 1197 1158 presumptionis
1209 1091 1356 1161 superbia,
1371 1096 1402 1146 ut
1414 1091 1471 1146 mei
1481 1092 1558 1162 juris
1568 1091 1690 1160 saltum,
1702 1092 1784 1150 nullo

74 1175 235 1231 colendum
252 1176 426 1245 crediderat,
440 1181 511 1231 tunc
521 1176 637 1232 rideres
652 1193 730 1246 eum,
740 1177 837 1233 omnis
849 1195 905 1233 aa·
959 1178 1146 1245 concedente,
1163 1178 1229 1234 ausi
1243 1179 1308 1235 sitis
1324 1179 1498 1251 irrumpere,
1510 1185 1562 1236 sut
1576 1186 1682 1238 nostre
1696 1198 1783 1238 vena·

74 1266 154 1321 vitiae
170 1265 306 1332 oblitum,
322 1269 351 1321 et
366 1264 510 1336 depositis
527 1266 649 1322 rictibus
664 1271 693 1322 ot
704 1265 801 1322 feralis
812 1267 904 1322 animi
957 1265 1047 1321 tionis
1063 1266 1236 1337 dignitatem
1250 1267 1632 1340 vestraimportunitatevel
1642 1270 1670 1325 in
1683 1269 1782 1342 aliquo

73 1355 252 1428 pervicacia,
273 1371 357 1410 servo
375 1355 491 1410 Domini
508 1356 610 1411 mitem
629 1361 657 1412 et
673 1373 704 1412 se
719 1356 902 1414 tractabilem
958 1354 1115 1411 mutilaret
1128 1359 1165 1411 At
1179 1373 1247 1412 vero
1262 1358 1305 1412 vir
1320 1363 1452 1426 sanctae,
1466 1375 1651 1431 nequaquam
1673 1359 1783 1415 oblitus

75 1444 214 1516 prebere,
229 1448 317 1517 atque
329 1445 359 1500 in
377 1461 488 1501 morem
500 1445 649 1502 adorantis
665 1450 793 1502 torosam
810 1448 903 1503 cervi·
957 1445 1036 1500 vocis
1061 1445 1177 1501 Domini
1194 1447 1242 1519 qui
1261 1447 1319 1503 ait:
1348 1449 1418 1503 Dem
1432 1450 1561 1504 steteritis
1573 1457 1638 1505 octe
1651 1465 1729 1519 repes
1756 1453 1782 1504 et

74 1534 903 1606 ceminclinarevirumquevenerabilemsubmotoomnis
956 1534 1087 1604 presides
1111 1535 1196 1591 nolite
1217 1536 1406 1608 premeditari
1430 1536 1496 1610 quid
1516 1536 1718 1610 respondeatis,
1734 1554 1782 1611 epo

73 1623 904 1699 timorisangore,belluamadeuntem,lentounguesetas
956 1623 1114 1695 eoimdolo
1129 1625 1204 1681 volis
1218 1642 1249 1681 os
1264 1629 1290 1682 et
1303 1627 1482 1698 supientecm,
1499 1644 1567 1683 cum
1584 1644 1703 1684 summa
1713 1644 1781 1684 con·

74 1713 153 1768 inter
174 1728 285 1769 cornua
299 1713 477 1781 sulcantem,
500 1729 554 1770 nec
569 1729 627 1769 non
650 1714 798 1770 collitoros
813 1720 903 1787 atque
956 1714 1064 1769 stantia
1078 1718 1106 1768 et
1121 1713 1298 1771 humilitatis
1313 1716 1474 1772 reverentia
1489 1718 1529 1772 ait
1543 1719 1579 1772 ad
1596 1733 1713 1789 regem:
1731 1717 1782 1773 «0

74 1800 204 1874 palearia
214 1806 387 1858 tractantem
398 1807 428 1858 et
438 1801 518 1858 illum
530 1801 619 1859 veluti
631 1803 817 1859 familiariter
827 1804 901 1860 mul·
917 1831 942 1898 B
957 1818 1007 1857 rex
1022 1802 1107 1871 bone,
1132 1821 1197 1875 nos,
1211 1821 1282 1876 quos
1298 1804 1346 1860 bic
1362 1805 1453 1876 vides,
1472 1799 1659 1880 nequaqnam
1679 1807 1782 1879 despe-

73 1895 200 1947 centem.
225 1894 320 1962 Atque
346 1891 425 1947 larus
455 1891 505 1947 illc
528 1892 582 1948 boc
606 1897 787 1949 contrectatu
812 1893 902 1949 veluti
957 1895 1022 1947 ctus
1038 1892 1080 1946 tui
1096 1892 1191 1964 gratia
1214 1898 1265 1949 aut
1280 1894 1491 1950 conturbanda
1507 1893 1672 1950 venationis
1687 1895 1784 1958 lustra

74 1980 281 2036 benedictione
297 1981 664 2053 donatus;prapattcurau
678 1981 732 2052 (uti
747 1983 773 2038 ei
798 1987 904 2039 natura
957 1984 1783 2059 serarumirrupimusetiobabitubilialocaoccupavimus

73 2069 205 2127 dictante
220 2070 312 2126 moris
327 2070 382 2142 est)
396 2075 498 2126 vastas
514 2072 666 2143 repetebat
680 2072 865 2129 solitudines.
956 2073 1007 2128 sed
1025 2077 1056 2127 ut
1071 2072 1246 2131 familiarius
1263 2077 1351 2146 atque
1367 2075 1481 2131 enixius
1497 2075 1613 2131 Domini
1628 2091 1783 2148 occupare-

111 2161 191 2215 lnter
214 2164 312 2216 autem
337 2159 543 2217 Childcbertos
567 2161 729 2233 Angustus,
753 2177 819 2217 cum
846 2162 903 2218 sibi
957 2178 1023 2217 mur
1038 2162 1168 2231 servitio,
1185 2161 1400 2219 inaccessibilia
1415 2163 1586 2220 hominibus
1601 2163 1664 2220 loca
1679 2164 1781 2237 petivi·

68 2247 176 2318 juncta
190 2246 314 2319 conjoge
338 2246 484 2319 Utrogoda
499 2251 655 2321 omnisque
675 2248 833 2304 comitatus
847 2250 902 2306 ire·
956 2267 1034 2318 mus,
1051 2250 1076 2307 si
1099 2268 1157 2323 quo
1174 2254 1260 2309 modo
1277 2252 1391 2324 placeat
1411 2253 1574 2318 Divinitati,
1600 2259 1632 2308 ut
1647 2254 1718 2326 quia
1734 2253 1782 2309 bic

72 2339 205 2413 quentia,
216 2341 314 2411 partes
326 2339 525 2394 Cenomanicn
538 2338 710 2406 urbisadiit,
721 2343 750 2394 et
761 2338 791 2393 in
802 2339 902 2396 villam
955 2340 1666 2412 consortiishominumsecernimur‚nostlapsum
1675 2346 1782 2398 morta-

71 2428 220 2485 Madualis
236 2433 434 2501 nuncupatam
451 2430 577 2486 devenit.
594 2430 813 2502 Nuntiatnrque
824 2431 849 2486 ei
861 2431 902 2487 ibi
954 2428 991 2483 lis
1007 2429 1081 2500 vite,
1099 2429 1129 2484 in
1145 2429 1216 2486 coelo
1233 2430 1388 2486 consortiis
1404 2429 1576 2503 angelorum
1592 2431 1701 2502 perfrui
1719 2448 1780 2487 me·

71 2518 245 2574 consistenti
262 2517 404 2573 bubalum
420 2517 451 2573 in
464 2517 766 2575 lislocisinusitatam
780 2518 901 2575 bestiam
955 2534 1080 2574 reamur.
1098 2520 1157 2575 Rex
1180 2522 1290 2588 autem,
1307 2520 1398 2576 nimio
1414 2519 1479 2576 telle
1504 2520 1654 2576 suffusus:
1671 2542 1686 2571 a
1702 2524 1780 2576 Pre-

70 2606 151 2663 baud
168 2606 254 2679 longe
278 2607 307 2662 in
323 2606 486 2664 solitudine
512 2607 694 2665 delitescere.
719 2612 779 2663 Rex
803 2613 900 2664 autem
954 2606 1042 2680 cipio,
1064 2608 1116 2675 ait,
1133 2610 1308 2665 auctoritate
1331 2612 1442 2677 nostra,
1457 2612 1526 2664 etta
1550 2611 1578 2664 et
1593 2609 1688 2666 socios
1716 2619 1780 2666 tuos

69 2696 179 2769 gaudio
191 2696 377 2766 exhilaritus,
390 2697 477 2768 jubet
486 2701 640 2754 venatores
656 2713 726 2753 suos
738 2715 902 2771 praeparere
954 2694 1023 2751 binc
1039 2697 1186 2764 secedere,
1202 2702 1231 2755 et
1244 2703 1277 2753 ut
1297 2698 1435 2769 deinceps
1461 2696 1562 2754 nullus
1578 2713 1612 2754 ex
1634 2698 1716 2755 vobis
1733 2698 1781 2755 bio

75 2800 202 2857 quaque
215 2790 298 2842 erant
312 2784 478 2843 necessaria
491 2786 591 2843 bestia
607 2787 766 2859 capiendae,
782 2796 900 2858 tanum,
953 2785 1120 2842 inveniatur
1130 2789 1239 2842 cavete.
1251 2809 1265 2838 a
1276 2787 1357 2842 Tunc
1368 2787 1552 2843 venerandus
1571 2785 1715 2843 Carilel’us
1726 2804 1779 2844 nec

73 2873 198 2941 scilicet,
211 2874 270 2930 vim
281 2875 395 2944 exacui,
407 2888 528 2932 arcuum
541 2874 776 2949 sagittarumque
786 2877 900 2946 copiam
953 2874 1780 2955 inminimomioisconturbatusregalibus,adimplenda

71 2962 432 3034 sufficientemeribiberi,
445 2963 625 3021 voleoscum
637 2965 899 3022 incrastinumre-
955 2968 1101 3036 precepta
1124 2980 1188 3020 sese
1204 2964 1302 3035 vertit,
1327 2969 1357 3020 et
1372 2964 1432 3037 regi
1460 2962 1551 3020 dixit:
1577 2986 1592 3014 «
1607 2964 1659 3020 Dat
1683 2964 1778 3034 nobis,

71 3053 156 3122 nari;
182 3068 246 3125 quae
262 3069 327 3109 cnm
343 3052 490 3112 celeritate
513 3052 612 3111 omnia
628 3056 746 3127 paracta
769 3058 850 3112 sont.
867 3056 898 3110 ln
952 3051 1059 3126 inclyte
1074 3069 1135 3120 rex,
1151 3053 1244 3109 serris
1260 3053 1321 3109 tuis
1332 3053 1511 3125 aliquidvini
1524 3053 1600 3124 quod
1613 3051 1777 3125 parueritis

69 3143 235 3199 crastinum
258 3159 336 3209 vero,
362 3143 488 3199 necdum
510 3157 583 3199 ceca
608 3146 692 3200 nocte
717 3143 896 3216 aufugiente,
951 3140 1776 3215 bicinventeatqueexcultaelicuit,petimusqueserenit

67 3230 210 3288 interiore
225 3230 320 3288 saltus
340 3235 459 3304 petunt,
476 3234 504 3288 et
520 3231 616 3288 sicubi
632 3232 791 3289 animantis
806 3233 895 3289 vesti·
911 3192 933 3260 c
952 3235 1040 3287 tatem
1056 3230 1196 3287 culminis
1211 3230 1310 3298 vestri,
1327 3234 1360 3285 ut
1370 3230 1585 3302 aliquantisper
1597 3229 1661 3301 ejus
1672 3232 1776 3302 poculo

67 3322 151 3395 gium
167 3320 359 3394 perspiciant,
375 3336 441 3378 mox
465 3326 498 3378 ut
513 3332 577 3377 sese
593 3320 643 3377 iux
662 3323 894 3394 representavit,
952 3318 1140 3391 indulgeatis,
1166 3323 1313 3390 quatenus
1328 3317 1454 3374 alacrius
1477 3321 1535 3373 tam
1563 3321 1612 3374 tua
1637 3316 1776 3374 nobilitas

65 3417 176 3467 terram
191 3409 275 3466 oculo
291 3409 408 3467 curioso
419 3415 581 3483 pererrant.
596 3411 727 3467 Tandem
744 3412 843 3484 itaque
854 3411 894 3467 si·
951 3423 1040 3478 quam
1051 3412 1079 3463 at
1090 3408 1231 3464 comitum
1243 3412 1360 3463 tuorum
1372 3407 1407 3463 ad
1420 3405 1564 3479 palatium
1575 3407 1715 3463 redeundi
1726 3407 1778 3464 ha·

66 3517 127 3574 gna
142 3501 207 3572 ejus
218 3499 331 3556 itineris
343 3500 393 3555 diu
408 3499 515 3555 rimata
527 3499 685 3572 reperiunt.
698 3504 816 3555 etacres
829 3503 895 3573 post
951 3497 1016 3553 beat
1032 3495 1212 3553 facultatem.
1224 3519 1238 3548 a
1253 3497 1318 3570 tigit
1332 3496 1470 3553 enimboc
1483 3500 1515 3552 ut
1525 3496 1681 3569 Scriptura
1691 3497 1776 3553 obsc-

66 3605 135 3646 eum
153 3589 296 3647 molossos
309 3590 344 3646 sd
356 3602 422 3646 eum
436 3589 654 3662 insequendum
667 3588 788 3645 lunibus
801 3587 894 3645 absol·
951 3586 1237 3643 cundaretdicendi:
1253 3586 1284 3642 Si
1292 3586 1423 3641 inimices
1434 3594 1494 3642 teus
1509 3587 1624 3652 sitierit,
1640 3584 1678 3643 da
1692 3584 1720 3643 ei
1728 3602 1777 3660 po·

65 3682 152 3734 rant.
169 3678 259 3736 Miser
273 3684 371 3735 autem
384 3681 446 3750 jam
459 3679 583 3751 jamque
599 3677 759 3751 capiendus
774 3678 810 3734 ad
825 3694 893 3734 san·
950 3679 1029 3738 turm
1043 3676 1092 3731 hoc
1105 3674 1181 3731 enim
1194 3675 1312 3748 sociem,
1327 3675 1456 3732 corbones
1471 3676 1545 3744 iestis
1556 3691 1684 3746 conpares
1695 3692 1778 3748 super

66 3771 149 3823 ctum
164 3767 321 3824 (larilelum
333 3767 460 3824 accurrit
472 3767 610 3836 bubalus,
621 3773 650 3823 et
660 3767 745 3839 quasi
765 3766 895 3839 cuiqua-
950 3772 1032 3835 ceput
1057 3765 1126 3836 ejus.
1142 3768 1230 3819 Porro
1256 3764 1393 3836 princeps
1408 3764 1503 3819 isdem
1531 3765 1622 3820 nimio
1647 3766 1775 3838 parendo

66 3870 243 3930 quaveraum
256 3856 727 3931 lugenegaretur,Dominivcrum
735 3856 821 3929 quasi
831 3856 893 3913 sin·
951 3854 1053 3922 furori,
1070 3870 1127 3910 non
1153 3852 1251 3909 solum
1266 3852 1408 3909 carbones
1430 3852 1583 3908 eharitatis
1607 3853 1713 3926 lrigore
1729 3871 1775 3910 re-

65 3947 169 4019 gularc
185 3947 259 4002 adiit
274 3945 431 4018 retugium.
448 3946 524 4002 Sane
537 3949 691 4002 venatores
706 3945 813 4002 indicia
828 3947 893 4018 elus
950 3942 1068 3999 strinxit
1078 3942 1206 4014 malitiae,
1219 3943 1269 3999 sed
1281 3958 1390 4014 equum
1400 3957 1487 3997 suum
1499 3941 1775 3998 calcaribusverbe-

65 4037 384 4109 itinerumsequentes,
395 4035 599 4092 canumetiam
611 4034 729 4091 latratui
742 4036 892 4093 credentes
950 4049 1030 4104 rans,
1048 4037 1081 4088 ut
1095 4033 1131 4087 ad
1148 4032 1288 4104 palatium
1304 4032 1422 4100 rediret,
1439 4033 1493 4087 iter
1508 4031 1642 4103 arripuit.

63 4127 183 4182 tandem
196 4127 336 4183 devenero
345 4125 380 4182 ad
392 4125 489 4182 locum
501 4124 551 4181 ubi
563 4126 699 4196 Sanctus,
712 4125 817 4182 cellula
828 4143 892 4198 pro·
983 4124 1037 4179 Sed
1055 4122 1171 4178 Domini
1187 4120 1270 4193 larga
1282 4120 1484 4177 misericordia
1494 4125 1523 4176 ct
1536 4119 1711 4177 inexhausta
1721 4138 1775 4194 po·

61 4217 129 4288 pria
139 4230 229 4272 manu
241 4215 394 4285 editlcata,
406 4214 568 4271 habitabat.
581 4214 624 4271 lbi
639 4215 738 4285 itaque
753 4219 890 4272 sanctum
948 4211 1052 4280 tentia,
1063 4228 1126 4283 qua
1135 4209 1263 4266 humiles
1274 4226 1354 4280 suos,
1363 4211 1454 4267 tracta
1464 4209 1656 4281 superborum
1669 4215 1774 4282 poten·

60 4305 170 4374 virum,
186 4310 215 4361 et
231 4309 298 4377 post
321 4310 437 4378 tergum
453 4303 534 4360 illius
549 4301 721 4376 pradictum
746 4309 890 4361 astantem
947 4302 1000 4371 tia,
1016 4300 1143 4357 exaltare
1159 4299 1321 4367 consuevit,
1338 4299 1595 4372 latissimequaoti
1610 4301 1689 4374 apud
1704 4308 1772 4358 enm

59 4393 218 4462 bubalum,
241 4393 329 4450 veluti
351 4393 504 4466 querelam
530 4408 562 4449 oc
586 4396 759 4450 trementem
780 4394 889 4451 videre.
945 4389 1272 4463 velaretquidespectus
1287 4390 1382 4445 luerat
1396 4389 1543 4462 apparuit.
1559 4392 1632 4446 Nam
1645 4406 1772 4448 cumrex

58 4484 143 4541 Tunc
158 4498 236 4552 vcro,
248 4482 367 4539 insolita
377 4482 418 4540 rei
430 4482 556 4539 novitate
566 4482 688 4554 turbati,
699 4498 752 4539 nec
764 4483 888 4540 bestiam
946 4480 1050 4550 isdem,
1076 4484 1191 4535 tumore
1205 4479 1372 4536 inordinato
1397 4481 1555 4552 distentus,
1572 4480 1628 4536 iter
1651 4481 1680 4537 in
1705 4482 1771 4538 red·
1872 4546 1875 4555 ι

59 4572 216 4646 attingere,
232 4588 285 4629 nec
300 4576 402 4630 sancto
413 4573 474 4629 viro
489 4569 617 4645 aliquem
630 4570 796 4628 molestiam
808 4573 888 4646 ingo·
907 4547 1040 4626 Dounon
1065 4568 1226 4626 accelerare
1244 4569 1341 4636 vellet,
1366 4585 1461 4641 equus
1477 4568 1566 4640 illius,
1592 4573 1712 4642 stupore
1726 4586 1771 4627 re·

59 4678 125 4721 rere
141 4663 205 4720 ensi
220 4667 291 4720 sunt
309 4681 317 4734 ;
332 4664 383 4720 sed
399 4663 526 4720 venienti
538 4662 598 4735 regi
610 4666 639 4719 et
650 4663 813 4719 sciscitanti
824 4679 892 4720 cau·
945 4656 1065 4733 pontino
1080 4662 1195 4731 captus,
1215 4658 1314 4714 subito
1330 4657 1471 4729 constitit,
1488 4661 1517 4714 et
1538 4657 1605 4715 licet
1620 4657 1771 4715 hincinde

61 4769 129 4810 sam
157 4768 306 4808 morarum
323 4756 411 4824 atque
428 4752 576 4824 ignaviam
593 4751 818 4824 socordiamque
833 4751 892 4811 illis
946 4752 1129 4815 cruentatus,
1154 4762 1325 4820 processum
1349 4747 1410 4821 regi
1425 4747 1589 4820 denegavit.
1616 4747 1695 4802 luter
1710 4747 1771 4804 haeo

58 4840 222 4914 oDJicicnti,
238 4842 279 4897 ita
294 4842 484 4914 respondent:
502 4864 515 4892 u
528 4841 581 4910 En,
599 4840 747 4913 inquiunt,
761 4842 802 4898 uti
815 4834 891 4915 peri·
945 4837 1102 4895 admiratio
1126 4835 1226 4893 timori
1241 4837 1352 4893 sociata
1373 4852 1476 4892 omnes
1493 4838 1628 4907 occupat,
1644 4838 1673 4892 et
1697 4836 1768 4908 quid

56 4929 889 5005 tiaetindustriadictanteconsuevimus,cunctaperegi-
946 4927 1021 4984 lseto
1046 4943 1121 4998 opus
1136 4929 1215 4982 esset
1239 4929 1360 4981 cunctos
1381 4924 1510 4997 cogitare
1534 4923 1692 4996 compellit.
1713 4926 1768 4981 Sed

58 5017 622 5092 musbubalumips‘umreperimus,sed
633 5020 890 5092 quadameventus
944 5033 1011 5073 cum
1027 5017 1078 5071 diu
1094 5016 1124 5071 in
1139 5015 1177 5069 iis
1192 5014 1372 5081 hesitarent,
1390 5031 1467 5070 unus
1483 5012 1613 5084 illorum,
1631 5014 1681 5086 qui
1697 5030 1769 5087 pru·

57 5109 189 5166 novitate
199 5109 327 5181 perculsi
339 5124 454 5165 sumus.
464 5108 768 5182 Invenimusnamque
780 5110 808 5165 in
820 5126 889 5184 qno·
944 5107 1049 5162 dentiae
1065 5104 1178 5161 caeteris
1198 5104 1364 5175 prestabat,
1381 5102 1421 5159 ita
1444 5104 1481 5160 ed
1496 5119 1594 5177 regem
1616 5103 1767 5175 loquitur:

57 5200 129 5256 dam
145 5197 263 5271 tugurio
279 5199 430 5254 bominem
445 5198 530 5255 nobis
548 5198 743 5270 incognitum,
759 5204 889 5271 propter·
946 5220 956 5246 ι
976 5195 1091 5270 Optime
1107 5210 1167 5264 rex,
1183 5193 1208 5249 si
1220 5209 1277 5248 non
1294 5209 1341 5249 me
1370 5192 1499 5266 suspicio
1516 5193 1603 5259 fallit,
1620 5193 1708 5250 homo
1719 5191 1768 5249 ille

55 5304 115 5361 que
129 5285 196 5358 ejus
211 5286 412 5342 habitaculum
430 5287 554 5344 bestiam
571 5288 791 5357 consistentem,
808 5305 888 5346 man·
943 5281 1487 5358 quianobiscontumeliosetructotns,
1501 5286 1588 5354 atque
1598 5281 1771 5354 ignobiliter

53 5375 737 5450 suclactamimmanem.Enimveroquiavisum
749 5381 888 5437 estnobis
942 5379 987 5432 est
1002 5373 1205 5446 compellatus,
1220 5371 1336 5427 Domini
1352 5375 1396 5428 est
1411 5371 1543 5428 servituti
1558 5372 1700 5442 devotus;
1717 5388 1769 5429 cu-

53 5466 195 5524 eumdem
210 5465 360 5522 bominem
372 5463 493 5523 Domini
502 5482 569 5523 esse
583 5483 711 5537 serrum,
728 5473 829 5541 utpote
840 5471 887 5527 cui
940 5467 992 5537 jus
1007 5462 1109 5520 virtuti
1123 5462 1178 5518 hoc
1194 5460 1330 5533 prestitit
1340 5460 1493 5532 Dominus,
1510 5465 1542 5518 ut
1556 5461 1695 5534 quiante
1711 5479 1767 5519 non

55 5555 161 5613 toralia
176 5556 349 5612 subduntur
363 5556 511 5625 animalia,
527 5573 581 5612 nec
598 5556 662 5628 ejnn
677 5559 811 5630 quietum
824 5561 888 5617 ausi
945 5562 978 5614 ut
992 5557 1088 5614 decuit
1103 5561 1147 5613 est
1163 5560 1315 5627 tractatus,
1340 5555 1393 5611 tibi
1409 5572 1527 5629 quoque
1543 5556 1578 5612 ad
1598 5556 1769 5629 aequaevis

55 5663 164 5703 sumus
180 5646 422 5718 perturbare‚nec
439 5644 581 5701 bubalum
592 5646 743 5719 impetere.
757 5671 771 5700 »
782 5651 817 5707 lt
827 5667 886 5720 rex,
942 5645 1108 5720 peragenda
1122 5644 1281 5715 denegetur
1295 5643 1425 5701 effectus.
1445 5644 1573 5718 »ltaque
1589 5643 1665 5700 celer
1679 5645 1715 5700 ad
1725 5642 1770 5697 vi-

50 5737 101 5794 tra
122 5739 294 5809 permotus:
311 5735 462 5805 «tlemus,
479 5734 587 5808 inquit,
605 5735 641 5793 ad
665 5735 764 5796 locum
778 5739 815 5797 de
830 5756 888 5813 quo
945 5751 1013 5793 rum
1028 5732 1079 5793 Dei
1094 5732 1232 5806 dirigitur
1246 5733 1381 5803 nuntius,
1396 5733 1447 5808 qni
1461 5738 1491 5792 et
1503 5734 1540 5791 de
1554 5732 1708 5809 preteritis
1719 5748 1770 5789 re·
