3960 6240
160 319 197 374 att
752 318 801 374 DE
822 317 915 373 Vt'l'lfl
931 317 1081 372 Paravit
1098 315 1207 371 mana
1225 313 1277 372 IX·
1814 317 1872 377 100

159 463 215 520 quc
230 451 259 505 et
284 447 358 517 lodi,
375 450 404 503 ct
418 444 586 520 AEthiopes;
604 443 675 518 quin
693 442 833 501 etiamad
858 441 983 516 Scythas
998 441 1107 510 Adam
1123 439 1336 499 monachornm
1350 438 1430 497 venit
1444 438 1658 500 babitaculum.
1674 441 1798 503 Duobus
1813 462 1868 504 au·

158 530 985 609 usquenomadaslamapervadans‚e]usinlaboribussub
1039 536 1097 587 tom
1108 530 1194 588 annia
1205 547 1270 588 oum
1282 528 1498 597 illisversatus,
1514 533 1542 586 at
1552 532 1867 603 perfectiorisvirtntis

158 626 264 682 enodis
279 625 462 698 diligentiam
473 624 574 680 docuit
583 628 612 680 et
623 621 851 696 philosophiam.
864 625 921 691 Ego
932 637 984 676 au·
1037 636 1136 676 amore
1151 626 1265 693 captos,
1280 618 1360 676 venit
1369 618 1405 675 ad
1418 619 1514 675 vicum
1524 618 1609 676 illum
1619 619 1768 694 Teledam,
1780 625 1867 696 cuius

158 724 214 773 tem
226 715 316 772 etiam
328 731 393 771 cum
403 730 518 784 omnes,
532 719 565 770 nt
577 711 669 769 semel
681 710 931 782 dicam,bomines
941 713 984 766 te·
1037 709 1119 781 prius
1132 726 1246 781 quoqne
1262 708 1463 774 meminimus,
1473 710 1551 782 apud
1562 726 1650 783 quem
1663 712 1763 784 magni
1779 719 1808 770 et
1817 715 1865 770 di-

158 810 219 861 stes
232 804 367 871 habeam,
379 816 607 859 vereornarrare
618 800 854 872 certaminaque
866 814 982 856 omnem
1035 799 1095 855 vini
1109 798 1164 855 viri
1180 799 1355 855 Ammianus
1374 802 1404 854 et
1418 799 1564 855 Eusebius
1586 799 1754 872 palaestram
1771 803 1865 862 lecara

157 888 984 966 superantoratiooem,!naposterisvideaturlabulenude
1036 890 1239 945 monasticam.
1255 887 1309 944 Sed
1326 904 1383 944 non
1399 886 1479 943 venit
1493 887 1523 942 ln
1536 887 1612 945 banc
1627 889 1745 947 diuinus
1755 891 1865 951 Simeo-

155 981 280 1037 abomni
292 981 422 1037 veritate.
435 981 503 1047 Qua
514 979 593 1035 enim
604 979 691 1046 dunt,
704 976 836 1034 bumana
850 983 920 1034 aunt
931 993 984 1033 na·
1036 994 1098 1046 nes,
1114 978 1165 1034 aad
1178 978 1209 1034 in
1225 978 1314 1035 eliam
1329 992 1394 1049 quas
1409 993 1443 1034 ex
1457 976 1512 1033 bac
1522 978 1699 1051 germinavit
1711 995 1718 1036 :
1731 981 1862 1039 lluseho·

153 1075 220 1126 tura
234 1070 399 1143 superiora,
415 1067 513 1125 solent
527 1072 627 1124 antem
644 1066 780 1123 homines
797 1070 904 1123 natura
920 1082 982 1122 mc·
1036 1084 1089 1124 nas
1103 1067 1182 1124 enim
1195 1071 1224 1125 et
1237 1067 1343 1123 Abiton
1358 1067 1417 1140 (67)
1428 1081 1496 1124 cum
1511 1068 1613 1140 magni
1626 1069 1746 1127 Eusebii
1757 1071 1864 1130 doctri·

153 1159 200 1215 tiri
208 1159 469 1230 eeqnedicuntur.
480 1156 905 1237 Siquidautemdicatnrquod
915 1156 981 1228 ejus
1035 1173 1103 1212 nem
1114 1157 1188 1213 satis
1199 1157 1410 1229 percepissent,
1426 1155 1480 1213 boc
1495 1155 1689 1230 philosophia
1699 1159 1863 1219 adillcave-

152 1248 273 1306 eacedat
283 1247 403 1315 limites,
416 1247 615 1303 salsavidetur
625 1245 718 1304 oratio
729 1246 767 1302 iia
778 1245 828 1318 qui
841 1262 900 1302 non
911 1248 982 1302 sunt
1034 1262 1064 1302 re
1079 1245 1278 1320 gymnasium.
1289 1245 1363 1302 Cum
1378 1245 1478 1318 itaqua
1490 1248 1550 1302 toto
1565 1246 1630 1303 rita
1640 1251 1774 1321 tempore
1790 1250 1862 1308 luis·

156 1333 982 1409 divinisinitiatimysteriis.Quoniamautempiisetvere
1034 1335 1861 1408 santetanimisconcordaaetmoribus,et,relutiunam

153 1425 981 1502 roligionepreditisterraetmareplcnnsunt,ctquiiure·
1033 1426 1163 1483 enimam
1179 1425 1379 1483 ostendissent
1392 1423 1424 1480 in
1439 1423 1556 1481 duobus
1572 1425 1756 1499 corporibus,
1782 1428 1861 1486 mul·

154 1516 209 1571 bus
221 1514 407 1571 diviniasunt
417 1512 759 1581 eruditi,etaanctiasimi
771 1513 900 1586 Spiritus
911 1529 978 1586 gra·
1032 1513 1824 1586 toahabueruntqniejusdemvitutonebautnramorc.

152 1606 223 1662 tiam
235 1608 506 1677 accepere,tentum
518 1605 603 1660 abest
614 1608 645 1660 ut
656 1620 713 1660 nou
728 1604 850 1660 credant
860 1603 898 1659 iis
915 1620 980 1676 qua
1067 1609 1139 1664 Cum
1156 1607 1175 1662 ii
1190 1609 1288 1663 eutem
1303 1621 1338 1661 ex
1353 1604 1408 1662 hac
1426 1604 1486 1662 uita
1500 1603 1628 1678 gloriose
1648 1608 1859 1676 excessissent,

151 1695 274 1750 dicenda
289 1699 370 1762 sunt,
387 1698 421 1749 ut
437 1694 473 1749 iis
488 1692 576 1749 stiam
592 1708 730 1766 magnam
746 1692 835 1748 fidem
851 1692 912 1748 sint
928 1693 980 1748 ba·
1030 1697 1204 1754 Heliodorus
1219 1696 1276 1769 (68)
1285 1695 1478 1752 admirandus
1488 1711 1610 1752 suorum
1622 1695 1768 1754 sodalium
1780 1714 1862 1756 acce·

150 1784 261 1839 bituri:
275 1786 412 1856 prompto
428 1787 456 1838 et
477 1782 567 1839 alacri
582 1783 684 1839 animo
699 1783 836 1839 accedam
853 1782 889 1838 ad
904 1798 975 1838 nur·
990 1809 1014 1876 B
1031 1787 1283 1860 pitpraelecturam
1294 1784 1434 1858 :quicum
1442 1782 1564 1840 vixisset
1577 1784 1729 1858 sexaginta
1736 1787 1861 1858 atquin-

149 1874 302 1931 rationem.
319 1873 405 1933 illinc
429 1876 529 1930 autem
555 1873 693 1946 incipiam
713 1873 791 1929 unde
815 1872 905 1929 ctiam
923 1888 975 1929 su·
1029 1892 1087 1949 que
1102 1891 1205 1942 annos,
1220 1874 1373 1947 sexaginte
1387 1878 1417 1929 et
1431 1873 1506 1930 duos
1522 1890 1617 1930 annos
1632 1874 1859 1934 intuainclusus

151 1979 241 2037 perun
256 1964 395 2036 dignatus
409 1966 455 2018 est
471 1962 634 2018 vocatione.
1029 1964 1180 2034 transegit.
1192 1964 1264 2022 Cum
1276 1963 1354 2020 enim
1366 1967 1425 2019 tres
1437 1979 1532 2019 annos
1545 1963 1624 2036 apud
1634 1981 1705 2022 snos
1715 1970 1857 2037 parentes

187 2053 237 2108 list
249 2052 369 2125 quidam
382 2051 464 2107 vicus
480 2050 556 2108 situs
570 2052 599 2106 in
616 2050 744 2107 confinio
760 2054 868 2107 nostrae
883 2049 976 2123 regio·
1029 2055 1135 2112 luisset
1146 2053 1222 2111 849
1234 2054 1386 2123 educatus,
1400 2051 1480 2108 bnnc
1490 2068 1609 2126 wem
1630 2057 1675 2110 est
1688 2053 1856 2127 ingressus,

150 2143 370 2209 nisetCilicum,
384 2157 451 2197 eum
465 2146 565 2197 autom
577 2143 679 2197 Sasam
693 2141 856 2197 nominant.
870 2140 911 2195 Ex
922 2139 976 2196 hoc
1027 2161 1096 2202 eum
1110 2144 1184 2201 nihil
1204 2159 1336 2216 unquam
1351 2142 1516 2217 aspexisset
1529 2159 1633 2200 eornm
1649 2160 1715 2217 qne
1730 2145 1811 2202 liunt
1825 2144 1859 2202 in

148 2237 231 2288 ortus
242 2230 337 2303 primo
348 2248 365 2286 a
376 2229 715 2302 parentibusjdoceootur
725 2233 976 2302 compescerent
1028 2235 1149 2292 mundo.
1164 2233 1281 2290 Dicebat
1295 2234 1395 2289 autem
1409 2249 1440 2288 ae
1454 2249 1492 2288 nc
1516 2231 1611 2304 ipsam
1626 2233 1753 2304 quidem
1768 2250 1859 2292 nossa

147 2321 176 2377 in
193 2322 249 2377 hoc
264 2319 389 2376 conferri
406 2319 500 2392 possit
514 2334 581 2376 cnm
593 2320 709 2393 magnis
723 2319 806 2389 viris,
820 2319 912 2376 Jacob
923 2337 975 2392 pa·
1027 2324 1151 2381 sormam
1163 2321 1385 2397 porcorum,vel
1394 2321 1552 2395 gallorum,
1562 2320 1856 2396 velaliorumhujus-

147 2410 288 2476 triorche,
302 2408 413 2481 loseph
430 2413 624 2482 temperante,
640 2412 779 2483 ethiopes
794 2409 974 2482 legislatore,
1028 2414 1117 2471 modi.
1133 2415 1208 2470 llum
1223 2429 1276 2486 ego
1287 2427 1363 2485 sepa
1374 2411 1444 2482 vidi,
1459 2410 1720 2483 stsimplioitatem
1735 2428 1854 2470 morum

146 2505 175 2557 et
196 2500 284 2557 David
301 2515 368 2572 rege
383 2503 412 2555 et
425 2498 578 2572 propbeta,
592 2503 620 2556 et
635 2498 755 2556 Micbea
777 2500 929 2573 propbeta,
946 2505 974 2558 at
1026 2521 1094 2562 sum
1110 2503 1285 2571 admiratus,
1301 2506 1331 2557 et
1349 2501 1414 2573 ejus
1429 2499 1522 2557 animi
1537 2500 1696 2574 puritatem
1712 2517 1780 2557 sum
1796 2500 1854 2558 mi-

145 2589 216 2647 viria
231 2588 339 2646 divinis
355 2589 405 2663 qni
421 2587 482 2645 illis
496 2588 578 2646 luere
591 2588 716 2646 similes.
729 2589 800 2645 Cum
815 2589 973 2662 aliquando
1026 2609 1092 2648 rum
1108 2593 1139 2649 in
1154 2593 1273 2648 modum
1286 2592 1449 2663 amplexus.

147 2684 247 2735 nomm
262 2677 424 2750 plurimum
441 2677 587 2735 ninxisset
600 2680 622 2749 ¹,
637 2681 667 2733 et
677 2682 781 2735 coacta
793 2687 890 2735 essent
905 2695 973 2736 oves
1061 2677 1856 2751 Gumadhuncvenisssthicprestantissimnspietatis

147 2769 366 2836 intuamnncre,
378 2767 454 2822 lacta
464 2766 490 2822 ei
502 2770 647 2839 potestate
657 2766 839 2838 quiescendi,
850 2768 885 2823 ad
898 2771 972 2824 tem·
1025 2771 1145 2842 athleta,
1167 2772 1266 2827 decem
1283 2769 1403 2842 qnidam
1413 2773 1672 2841 annosparpetuos
1682 2768 1854 2828 decertavit.

143 2857 224 2931 plum
240 2857 373 2913 diuinum
394 2855 473 2912 venit
487 2872 554 2912 cum
576 2856 760 2929 parentibus.
785 2858 849 2913 ileo
872 2862 970 2915 autem
1023 2862 1096 2919 Cum
1112 2864 1210 2918 autem
1226 2858 1347 2915 haberet
1363 2857 1511 2927 octoginta
1525 2856 1657 2928 ejusdem
1673 2855 1847 2914 certaminis

145 2945 418 3004 narraotcmaudivi
430 2949 562 3001 sanctam
574 2945 717 3019 linguam.
730 2945 924 3019 Dicebatergo
939 2962 971 3004 se
1024 2951 1131 3020 socios,
1151 2965 1255 3006 omnes
1271 2947 1358 3020 longo
1372 2943 1529 3002 intervallo
1553 2945 1712 3017 superavit.
1730 2948 1764 3000 ut
1779 2960 1848 3001 cum

142 3053 241 3094 uocem
256 3035 405 3093 audivisse
420 3035 627 3108 evangelicam,
644 3052 707 3108 que
723 3051 773 3092 eos
787 3037 906 3109 quidem
918 3038 967 3110 qui
1022 3039 1072 3097 alii
1089 3044 1156 3113 post
1170 3039 1296 3095 duorum
1306 3035 1421 3092 dierum
1434 3034 1563 3107 apetium
1573 3037 1771 3102 vescerentur,
1785 3033 1851 3106 ipse

142 3127 213 3183 ssent
224 3125 355 3198 elingent
370 3124 660 3197 beatcsprnnuntiat,
673 3125 797 3183 miseros
808 3129 966 3183 nutemvo·
1021 3133 1113 3186 totam
1131 3127 1347 3185 hebdomadem
1362 3123 1554 3198 permanebat
1564 3124 1699 3195 jeJunus,
1715 3138 1789 3194 agre
1806 3124 1849 3180 ie·

140 3220 188 3273 cat
203 3215 315 3287 eosqui
329 3214 436 3285 rident,
452 3218 481 3270 et
495 3231 544 3271 eos
560 3213 693 3270 nominat
712 3213 812 3271 lalices
827 3216 877 3286 qui
893 3220 965 3272 sont
1020 3217 1154 3274 rentibus
1170 3213 1356 3289 presidibus,
1372 3219 1401 3269 et
1413 3229 1482 3271 oum
1498 3228 1532 3268 eo
1547 3211 1804 3280 contendentibus,
1818 3215 1849 3268 et

140 3306 252 3363 muodo
267 3305 354 3362 corde
370 3305 495 3378 prediti,
510 3308 539 3360 ct
552 3303 611 3361 alia
624 3321 688 3377 que
699 3309 770 3361 sunt
781 3304 965 3362 hisconneaa
1018 3306 1130 3364 ordinis
1145 3305 1379 3379 pertubationem
1394 3319 1460 3360 eam
1477 3318 1538 3359 rem
1554 3301 1739 3364 vocantibus,
1753 3300 1847 3357 iista·

138 3395 232 3469 (lilith.
255 3393 295 3466 v).
319 3392 432 3451 Iteinde
457 3409 492 3448 ox
506 3393 543 3450 iis
568 3393 617 3465 qni
633 3393 756 3449 aderant
770 3393 966 3467 interrogasse
1017 3412 1085 3452 men
1096 3412 1159 3467 que
1175 3392 1349 3450 dicabantur
1362 3407 1421 3447 non
1437 3387 1695 3464 persuadentibus,
1711 3404 1765 3444 neo
1779 3387 1845 3445 ani·

136 3485 305 3559 quempiam
318 3484 459 3556 quidnam
472 3482 573 3539 lecerit
583 3480 690 3555 aliquis
701 3482 843 3540 uthorum
857 3500 963 3540 unum·
1017 3485 1058 3542 mi
1073 3484 1253 3542 alacritatem
1270 3482 1417 3539 relrenare
1432 3478 1609 3537 valentibus.

137 3573 669 3648 quodqueconsequaturleumautsm
677 3569 815 3628 illicitam
823 3571 965 3629 retulisse
1050 3571 1459 3644 Audiviautcmiilumipsum
1471 3573 1641 3625 narrantem
1655 3567 1705 3640 qui
1715 3577 1844 3625 nuncesl

140 3663 317 3732 solitariam,
339 3666 368 3720 ot
383 3678 534 3718 summam
548 3659 630 3717 illam
650 3662 815 3719 ostendisse
830 3661 964 3735 philoso·
1015 3663 1389 3738 hujusgregispralectua,
1401 3660 1559 3733 quodcum
1571 3657 1730 3730 aliquando
1742 3657 1843 3714 ionem

139 3754 251 3827 phlem·
1015 3758 1182 3813 contextum
1206 3769 1241 3809 cx
1265 3750 1454 3825 palmis-(est
1481 3754 1581 3805 nutem
1607 3747 1632 3804 ia
1645 3747 1842 3819 asperrimus)

171 3845 245 3902 Cum
260 3859 329 3916 crgo
342 3842 422 3899 verbi
433 3840 525 3898 divini
536 3840 597 3896 bac
608 3839 788 3914 suscepisset
798 3840 923 3910 semina,
933 3845 962 3898 ct
1014 3844 1203 3916 sumpsisset,
1214 3846 1244 3898 at
1254 3840 1392 3897 manibus
1403 3837 1636 3907 astrinxisset,eo
1647 3835 1841 3895 lumbossuc·

134 3934 288 4008 prolundis
298 3931 540 3988 animesulcisaa
551 3930 674 4003 pulchre
685 3931 872 4002 occuluisset,
884 3930 961 3988 dicc-
1014 3933 1116 3999 cinxit,
1132 3948 1190 3987 non
1204 3946 1356 4004 apponens
1366 3929 1561 3996 extrinsecus,
1571 3927 1621 3983 sed
1636 3926 1693 3997 ipsi
1705 3924 1775 3997 pelli
1788 3941 1840 3997 ap-

133 4024 185 4081 bat
199 4040 230 4080 se
245 4022 333 4078 ivisse
348 4022 378 4076 in
390 4020 553 4092 proximem
565 4021 657 4075 edem
668 4024 840 4076 sanctorum
852 4026 962 4094 marty·
1014 4024 1127 4099 plicans
1139 4042 1146 4091 3
1161 4028 1190 4077 ct
1206 4026 1266 4076 tam
1283 4023 1363 4076 arcte
1376 4017 1563 4091 compressit,
1579 4019 1613 4071 ut
1627 4018 1688 4072 tota
1704 4013 1755 4070 illa
1769 4031 1839 4087 pars

133 4129 219 4181 rum,
237 4112 267 4166 in
279 4127 313 4167 ea
327 4114 425 4166 autem
436 4113 465 4164 et
479 4111 613 4181 gcnuact
629 4108 751 4164 irontem
769 4109 798 4164 in
811 4110 873 4166 solo
884 4110 960 4166 deir-
1013 4114 1059 4170 eni
1087 4114 1182 4169 iuerat
1204 4108 1375 4182 impositus,
1395 4105 1588 4164 circumcirca
1609 4103 1840 4161 exulceraretur.

131 4201 220 4270 xisse,
232 4203 336 4255 etcum
349 4195 528 4269 rogasaequi
538 4195 960 4257 vultomncabomincssairoa
1013 4204 1170 4274 Postquam
1187 4203 1285 4257 nutem
1301 4196 1369 4271 plus
1385 4213 1475 4269 quam
1487 4196 1587 4252 decem
1603 4195 1667 4251 dies
1682 4193 1737 4250 boc
1752 4193 1840 4251 modo

131 4293 228 4347 lacera
244 4289 267 4362 (l
283 4289 350 4343 lim.
367 4287 411 4359 rr),
436 4290 469 4342 ut
482 4303 550 4342 eum
575 4287 701 4343 doducat
718 4287 754 4342 ad
770 4286 846 4343 viam
864 4289 960 4360 perle-
1011 4285 1839 4365 transegisset,etulcusquodincrudescobatguttassan·

132 4385 208 4437 ctam
221 4377 338 4450 pietatis
353 4382 460 4433 etuerae
470 4375 631 4448 religionis.
647 4376 888 4433 Gumautemboc
900 4394 960 4435 mo·
1012 4373 1839 4454 guinisemitteret,rogavitquidamquihncvideratque·

133 4465 961 4540 dodiaessetmoratus,dulcemquidemsomnumqucm·
1012 4487 1080 4527 nam
1092 4472 1170 4527 esset
1189 4483 1278 4524 causa
1289 4465 1457 4539 sanguinis.
1479 4468 1554 4521 Cum
1566 4463 1592 4519 ia
1611 4465 1712 4520 autem
1726 4462 1838 4519 diceret

133 4560 200 4616 dam
217 4556 273 4613 sibi
289 4554 467 4627 obrepsisse,
483 4554 541 4611 tals
556 4560 653 4611 nutem
679 4555 788 4612 vidisse
804 4557 953 4614 somnium
969 4541 993 4603 ὓ
1009 4558 1083 4616 nihil
1093 4574 1159 4617 osse
1169 4557 1281 4631 quodsi
1292 4553 1665 4624 alierretmolestiam,ejua
1675 4551 1838 4624 sociusper

131 4644 954 4717 Mihi,inquit,videbariodcrelundamenta;deindcau·
1009 4650 1067 4709 vim
1082 4655 1240 4707 etmanum
1261 4645 1567 4711 immisit,etcnusam
1587 4640 1704 4712 didicit,
1724 4645 1755 4697 ct
1768 4656 1834 4697 cam

131 4733 496 4808 dirsaliqnemastantem,
511 4734 590 4806 quod
608 4735 953 4805 meoportaatiossamla·
1008 4740 1140 4814 prefecto
1156 4734 1345 4794 renuntiavit.
1357 4737 1499 4806 Moxergo
1509 4732 1715 4804 increpana,et
1726 4745 1837 4802 rogans

128 4841 194 4882 cero
204 4823 436 4896 profundiorem.
449 4823 626 4894 Cumitaque
637 4822 810 4894 adjecissem
824 4827 954 4898 utjnssit
1007 4827 1089 4886 atrei
1102 4824 1305 4884 crudelitatem
1317 4820 1603 4897 reprehendens,vix
1616 4818 1659 4875 illi
1671 4817 1760 4876 solvit
1769 4817 1834 4874 vin·

128 4913 325 4984 altitudinem,
335 4911 954 4989 ruraustentabamquiescere;sedmaquo·
1005 4916 1118 4986 colom,
1130 4916 1181 4974 sed
1195 4930 1248 4971 nec
1258 4912 1302 4970 sic
1313 4910 1462 4984 persuasit
1474 4913 1509 4966 ut
1518 4908 1561 4965 illi
1578 4907 1668 4966 ulceri
1680 4906 1772 4964 ullam
1785 4906 1835 4962 ad·

128 5020 187 5077 qne
202 5019 306 5060 rursus
317 5001 442 5074 jubebat
457 5001 565 5069 indere,
581 5004 610 5056 et
621 5017 677 5056 non
689 5017 805 5059 cessare
815 5020 832 5059 a
842 5002 951 5062 labore.
1007 5008 1094 5064 biber
1104 5011 1133 5062 et
1145 5003 1335 5061 medicinam.
1344 5002 1433 5058 Porro
1440 5004 1538 5056 numm
1547 5012 1688 5055 cumeum
1701 4997 1836 5054 viderent

129 5094 201 5151 Cum
216 5096 313 5149 autem
330 5090 385 5148 hoc
401 5089 474 5146 mihi
489 5094 534 5146 ter
549 5094 578 5146 et
594 5094 698 5162 quater
712 5093 900 5164 precepisset
911 5095 953 5151 ia·
1006 5098 1101 5154 iecere
1116 5096 1175 5152 alia
1189 5090 1347 5166 ejusmodi,
1355 5091 1512 5163 jusserunt
1528 5093 1560 5145 ut
1575 5087 1612 5144 nb
1628 5086 1679 5143 ille
1694 5085 1835 5159 palestra

127 5182 331 5251 cerc,tendem
344 5179 417 5235 dixit
427 5179 635 5236 comsuifioere
645 5178 952 5256 altitudinem,etjus·
1006 5187 1165 5252 recederet,
1182 5199 1218 5240 ne
1232 5183 1269 5240 iis
1285 5181 1335 5253 qui
1351 5183 1433 5237 erant
1448 5194 1568 5252 corpore
1583 5173 1782 5246 imbecilliori,
1799 5188 1834 5229 en

129 5272 168 5329 sit
179 5270 325 5326 aediilcare
336 5268 474 5342 deinceps
485 5268 567 5325 nullo
578 5267 784 5342 labore,upote
795 5273 872 5343 qood
884 5291 951 5331 cum
1008 5277 1180 5349 quaeeaaent
1193 5288 1284 5344 supra
1294 5269 1371 5327 vires
1384 5267 1517 5324 aemulari
1531 5265 1719 5335 cenantibus,
1729 5263 1833 5320 damni

129 5357 376 5427 cessassetlnbor,
393 5360 616 5433 suturaquoque
627 5364 705 5414 esset
715 5361 868 5419 aedificatio
880 5365 952 5421 citra
1006 5381 1096 5423 causa
1110 5363 1204 5418 tieret.

128 5449 270 5506 laborem.
287 5445 360 5502 Huic
375 5447 556 5518 praedictioni
568 5464 613 5504 res
627 5448 725 5503 ierunt
736 5450 950 5510 testimonium.
1040 5457 1181 5526 Egressus
1192 5465 1261 5523 ergo
1271 5465 1338 5505 cum
1348 5447 1477 5505 venisset
1492 5445 1528 5501 ad
1544 5441 1727 5500 montisloce
1738 5439 1835 5514 magis

129 5541 170 5596 hia
184 5536 263 5594 enim
278 5552 344 5608 qne
359 5535 433 5592 fiunt
456 5537 616 5593 humanam
642 5541 778 5595 naturam
796 5543 950 5600 excedunt.
1006 5542 1147 5611 solitaria,
1163 5545 1192 5597 et
1206 5539 1364 5613 quemdam
1379 5539 1444 5594 sine
1459 5550 1536 5608 aqua
1552 5534 1648 5591 lacum
1672 5548 1732 5588 non
1747 5529 1833 5587 valde

164 5623 515 5693 cumillincsurreaissat,
523 5624 558 5678 ad
565 5623 799 5698 propinquorum
810 5645 951 5702 quorum·
1005 5631 1183 5707 protundum
1198 5628 1369 5696 invenisset,
1386 5627 1415 5682 in
1430 5642 1498 5682 eum
1511 5623 1643 5697 seipsum
1658 5619 1791 5693 demisit,
1801 5623 1831 5678 et

165 5722 260 5784 'uela
274 5721 453 5796 impressum
465 5724 543 5791 ante,
558 5721 726 5796 adamasset.
