3960 6240
139 327 196 385 739
559 325 736 382 ADDBHDA
753 325 803 381 ab
822 322 996 390 Quosoau
1015 321 1285 378 ramesberiam
1302 322 1430 380 101108.
1801 323 1848 382 tio

143 470 241 510 ruens.
1692 465 1739 504 or..
1777 464 1806 505 a.
1825 467 1849 508 c.

179 561 222 599 111.
321 541 397 595 100
411 538 608 595 Theudoricus
623 555 691 594 cum
704 539 778 595 duee
792 555 846 595 suo
861 534 1014 593 Sunierlco
1029 532 1172 591 exercitus
1192 535 1239 591 sui
1254 533 1435 606 aliquantam
1448 536 1484 592 ad
1501 535 1635 593 Baeticam
1785 539 1835 593 459

286 628 388 701 dirigit
402 644 533 684 manum.
551 627 659 701 Cvriila
674 631 827 684 revocatur
841 627 877 683 ad
893 624 1012 682 Gallias.
1029 624 1115 680 Suevi
1139 623 1333 681 nihilominus
1357 624 1513 682 Lusitania
1537 631 1637 701 partes

286 733 352 773 oum
370 717 489 785 Haldra,
506 716 554 772 alii
571 733 637 773 oum
654 716 862 774 Remismondo
878 716 915 788 (a)
931 713 1095 771 Gallsoiam
1111 714 1328 785 depredantur.

320 806 411 864 Hrudi
427 806 576 862 maritima
590 810 751 863 conventus
767 805 904 862 Lucensis
919 803 984 860 loca
999 801 1143 859 nonnulla
1157 802 1363 861 crudelissime
1373 803 1638 875 invaduntadtiu·

284 899 373 954 ticam
387 896 604 968 pertendentes.

320 985 449 1043 Maldras
471 1000 646 1058 germanum
670 1000 758 1041 snum
775 984 894 1041 iratrem
910 981 1059 1049 interficit,
1075 984 1104 1039 et
1120 980 1271 1038 Portncale
1283 981 1340 1055 (80)
1356 981 1395 1055 (1)
1410 994 1541 1040 castrum
1557 983 1636 1042 idem

306 1094 322 1132 o
342 1076 380 1132 tis
394 1076 517 1133 invadit.

285 1077 303 1133 h
320 1094 399 1223 fotor
411 1170 520 1223 Suevos
535 1169 564 1223 et
576 1165 895 1237 Gallacoe‚interlectis
910 1162 1070 1236 aliquantis
1084 1162 1217 1220 honestis
1232 1162 1431 1233 natn,malum
1444 1164 1552 1223 hostile
1568 1167 1638 1224 mis·

285 1265 805 1422 οἮέειῑὶ11111101111111)1111311110
820 1345 949 1403 militum
965 1345 1039 1400 101
1055 1348 1085 1400 et
1099 1361 1117 1400 a
1131 1344 1283 1401 sunierico
1296 1345 1403 1401 comite
1419 1345 1501 1402 missi
1517 1346 1639 1404 veniunt

282 1440 319 1494 ad
337 1439 487 1508 Gallaecos,
503 1437 685 1503 nuntiantes,
707 1437 901 1506 Maiorianum
923 1439 1093 1507 Augustum
1106 1440 1133 1489 et
1145 1433 1362 1491 Theudoricum
1384 1451 1482 1506 regem
1508 1435 1637 1493 firmisse

283 1529 359 1584 inter
375 1545 406 1584 se
419 1527 500 1601 pacis
511 1529 581 1598 jura
596 1527 741 1597 sanxisse,
756 1525 859 1583 Gothis
876 1526 904 1580 in
921 1524 1048 1596 quodem
1064 1523 1225 1579 certamine
1239 1524 1279 1596 (d)
1294 1525 1439 1596 superatis
1455 1526 1522 1597 (87).

207 1659 214 1674 .
320 1618 458 1685 Maldras,
474 1617 504 1672 in
520 1617 578 1672 iine
592 1616 649 1688 (88)
666 1615 817 1672 Februarii
832 1617 868 1687 (c)
879 1614 1055 1686 jugulatus,
1071 1612 1177 1669 merito
1191 1612 1275 1684 periit
1288 1613 1421 1671 interitu.

318 1711 373 1764 Per
387 1707 497 1763 Suevos
512 1710 591 1761 Luco
605 1703 925 1760 habitantssindiehus
941 1702 1061 1758 Pascha
1075 1701 1198 1758 Romani
1215 1702 1356 1772 aliquanti
1372 1718 1439 1758 oum
1456 1708 1567 1760 rectore
1581 1720 1637 1761 sno

281 1795 405 1852 honesto
419 1800 491 1850 natu
508 1794 660 1866 repentino
675 1793 782 1863 (securi
798 1793 833 1848 de
844 1792 1007 1848 reverantia
1021 1790 1148 1863 dierum)
1163 1791 1339 1849 occiduntur
1354 1793 1485 1849 incursu.

317 1884 694 1955 Heueeldaimllajorianus
709 1882 867 1954 Hispanias
879 1881 1045 1953 ingreditur
1054 1881 1561 1954 imperator.Qquarthoginensem
1571 1899 1635 1955 pro-

280 1974 407 2030 vinciam
425 1973 627 2046 pertendente,
641 1971 811 2044 aliquantas
825 1987 926 2040 naves,
943 1986 1018 2043 quas
1034 1970 1091 2026 sihi
1105 1970 1142 2026 ad
1158 1970 1318 2027 transitum
1333 1972 1633 2030 adversusVandalos

280 2063 474 2135 preparabat,
487 2062 523 2117 de
537 2060 634 2117 littore
649 2058 872 2133 Carthaginensi
885 2061 920 2132 (f)
934 2059 1073 2116 commoti
1091 2059 1211 2115 Vandali
1228 2075 1280 2132 par
1292 2060 1457 2132 proditores
1471 2061 1633 2134 abripiunt.

281 2152 356 2207 1⁰8
373 2151 561 2222 Maiorianus,
574 2149 646 2207 itas
662 2165 716 2206 sna
729 2149 915 2206 ordinatione
930 2149 1102 2217 frustratus,
1118 2149 1154 2204 ad
1170 2147 1284 2204 ltaliam
1301 2151 1466 2206 revertitur.

315 2241 385 2296 Pars
399 2240 485 2295 Gothi
501 2239 657 2306 exercitus,
674 2238 854 2295 aSnnierico
870 2243 898 2294 et
911 2237 1072 2310 Nepotiano
1086 2238 1245 2295 comitibus
1267 2239 1303 2294 ad
1327 2238 1493 2297 Gallaciam
1509 2241 1631 2313 directa,
1669 2242 1724 2298 310

280 2330 390 2385 Suevos
405 2330 482 2402 apud
499 2334 609 2385 Lucum
626 2328 831 2401 depraedentur
845 2329 902 2398 (qi3
920 2344 983 2399 quas
998 2327 1135 2394 Dictinio,
1151 2327 1290 2400 Spinione
1305 2332 1335 2384 et
1349 2329 1474 2386 Ascanio
1494 2330 1634 2387 delatori-

281 2419 345 2488 bus,
362 2417 629 2491 spargentibusque
644 2417 679 2473 ad
695 2421 835 2473 terrorem
849 2417 975 2489 propriae
987 2432 1097 2473 venena
1113 2416 1240 2488 perildies
1255 2416 1306 2488 (a),
1321 2417 1450 2474 indicata
1463 2419 1494 2490 (tl
1512 2421 1636 2476 recurrit

279 2509 313 2564 ad
334 2525 415 2564 suos.
431 2510 471 2564 Ac
486 2524 553 2563 mon
568 2507 673 2563 iisdem
688 2505 870 2562 delatoribus
886 2506 994 2577 quihus
1009 2523 1110 2578 supra,
1125 2507 1308 2579 frumarius,
1324 2521 1391 2562 eum
1416 2524 1503 2563 manu
1526 2512 1634 2565 Suevo-

278 2613 342 2652 rum
368 2613 456 2668 quam
479 2597 607 2652 habehat
627 2594 785 2667 impulsus,
801 2600 887 2668 capto
908 2595 1001 2651 idatio
1016 2593 1151 2667 episcopo
1166 2611 1206 2651 vn
1222 2596 1286 2651 Kal.
1302 2597 1427 2668 Augusti
1444 2597 1475 2652 in
1489 2597 1636 2670 Aquailn·

277 2686 370 2742 riensi
385 2688 418 2758 (j)
435 2683 567 2752 ecclesia,
584 2685 719 2741 eumdem
734 2689 908 2741 conventum
924 2684 1029 2757 grandi
1045 2684 1149 2740 evertit
1163 2685 1287 2740 excidio.

290 2800 295 2809 ·
315 2774 546 2831 Hemismuudus
560 2772 655 2830 vicina
671 2773 1046 2846 paritsrdnregsnsiumHt)
1056 2773 1472 2832 locaethnoensisconventus
1484 2775 1632 2832 maritima

299 2879 316 2919 o
340 2862 448 2919 ulatur.
484 2870 488 2875 '

279 2879 296 2935 p
316 2880 395 3007 {luter
408 2952 595 3008 frumarium
609 2955 637 3008 et
651 2951 895 3008 liemismundum
908 2953 1003 3008 oritur
1016 2952 1052 3007 de
1068 2952 1149 3025 regni
1165 2956 1310 3025 potestate
1321 2953 1477 3012 dissensio.

315 3042 392 3097 100
405 3042 595 3098 Gallaeeorum
611 3046 640 3098 et
654 3045 814 3098 suevorum
830 3041 911 3114 pacis
927 3041 1061 3115 quadam
1078 3042 1183 3099 umbra
1197 3042 1372 3101 conseritur.

313 3132 335 3185 A
352 3130 534 3187 Theoderico
549 3129 636 3203 legati
652 3130 687 3186 ad
702 3133 810 3187 Suevos
825 3131 946 3187 veniunt
960 3136 990 3187 et
1003 3135 1197 3188 revertuntur.

171 3316 248 3390 (ullo
265 3318 393 3375 Historia
403 3323 564 3376 suevorum
577 3318 637 3375 divi
648 3318 752 3376 isidori
763 3317 959 3375 Recohimun·
978 3327 1003 3390 Α
1020 3318 1189 3375 uVandalis
1206 3335 1294 3376 naves
1304 3319 1395 3377 luisse
1404 3320 1446 3377 ait
1458 3321 1581 3380 idatius.
1591 3324 1682 3397 Atqui
1695 3325 1848 3384 littnslon·

135 3390 206 3446 dum
217 3397 246 3447 et
256 3392 505 3447 Remismuodum
520 3390 695 3463 reperimus.
709 3391 765 3447 Sed
781 3407 849 3446 cum
866 3406 962 3462 neque
1020 3391 1086 3462 gius
1102 3406 1133 3446 ae
1148 3391 1289 3458 extendit,
1299 3392 1336 3447 ad
1348 3408 1430 3448 oram
1441 3393 1555 3451 scilicet
1567 3397 1751 3455 maritimam
1762 3401 1848 3457 totins

134 3462 164 3517 in
178 3463 317 3518 omnihus
332 3462 412 3519 illins
428 3463 563 3519 Historia
584 3462 807 3533 exemplaribus,
823 3478 918 3534 noque
933 3462 964 3518 in
1039 3461 1181 3518 rovinciae.
1200 3463 1396 3529 Quamobrem
1412 3481 1514 3521 verum
1528 3483 1592 3523 esse
1607 3468 1750 3526 existimo
1773 3475 1848 3544 qnod

134 3533 446 3590 idatiolteocbimundi
456 3551 562 3591 nomen
575 3550 704 3607 unquam
713 3534 964 3604 legatur,unioum
1017 3480 1128 3589 Florius
1137 3535 1341 3590 aventicensis
1352 3536 1484 3607 pressius
1496 3539 1610 3608 scribit,
1622 3540 1694 3596 dum
1706 3541 1750 3597 ait
1763 3558 1847 3614 prope

134 3609 251 3660 mntem
263 3620 389 3675 eumque
400 3606 603 3675 Hemismundi
616 3605 735 3661 nomine
745 3611 905 3660 suevorum
918 3623 964 3661 re·
1017 3606 1116 3661 ilicem
1132 3604 1190 3660 ista
1205 3606 1375 3678 contigisse.
1392 3607 1481 3665 Porro
1497 3609 1527 3665 in
1543 3610 1593 3666 illa
1606 3627 1657 3666 ora
1674 3620 1847 3682 promonto-

134 3692 201 3803 ἐρα]
213 3675 306 3732 inisse
316 3676 370 3732 hoo
381 3682 511 3748 tempore
523 3683 604 3748 puto.
617 3678 648 3732 ln
661 3677 812 3748 aliquibus
823 3683 964 3748 praterea
1016 3677 1094 3732 rium
1110 3682 1164 3743 est,
1181 3678 1266 3759 cnjus
1281 3676 1394 3733 nullam
1411 3682 1488 3750 apud
1508 3681 1645 3752 antiquos
1660 3685 1846 3756 geographos

158 3747 964 3818 ethicesHistoriaeejusdemlsidoriliditiouibusRemis·
1016 3748 1196 3805 mentionem
1214 3749 1350 3818 inveni03
1366 3767 1446 3806 nuno
1460 3756 1559 3808 autem
1576 3755 1765 3811 nostratibus
1780 3757 1847 3812 Cato

135 3820 265 3875 mundus
281 3819 389 3876 dicitur
400 3821 516 3876 Mntdrae
532 3821 628 3890 filim,-
644 3825 674 3874 at
688 3820 717 3874 in
735 3820 888 3875 labbeana
903 3821 963 3876 hac
1015 3819 1048 3876 dc
1072 3821 1158 3876 Scato
1174 3820 1240 3875 Petu
1255 3820 1376 3891 dicitur,
1391 3822 1598 3896 duplicemque
1614 3828 1727 3896 prebat
1741 3829 1845 3885 statiu-

131 3891 222 3947 verba
234 3891 353 3956 desunt,
369 3901 396 3948 ct
412 3893 523 3948 idatius
538 3892 722 3946 diversarum
740 3891 866 3961 partium
880 3908 963 3962 reges
1016 3908 1095 3953 uem.
1107 3889 1230 3946 alteram
1246 3892 1282 3946 ud
1298 3897 1408 3958 ortum,
1421 3896 1471 3950 ubi
1487 3895 1587 3960 Alone,
1604 3895 1730 3955 alteram
1747 3901 1783 3955 ad
1799 3916 1844 3955 oc·

131 3961 274 4018 Maldram
291 3968 320 4018 et
334 3963 581 4018 [remismundum
596 3962 674 4018 iacit.
690 3963 759 4018 ldeo
774 3961 872 4017 verius
887 3965 962 4020 exis·
1015 3962 1181 4026 easum,uhi
1192 3968 1323 4018 castrum
1335 3970 1383 4019 est
1392 3970 1421 4020 st
1431 3965 1641 4040 viculusvulgo
1648 3969 1844 4039 caparnaum,

131 4034 203 4090 timo
220 4035 468 4090 Remismundum
485 4052 543 4090 non
560 4034 654 4089 inisse
668 4031 786 4089 lialdra
802 4033 907 4088 fllium.
1015 4042 1172 4105 utrumque
1188 4033 1260 4089 satis
1276 4034 1400 4092 navibus
1424 4038 1512 4093 fidam
1528 4044 1618 4110 atque
1632 4048 1842 4113 opportunam.

167 4106 303 4177 (thenes
314 4106 454 4163 Gallenos
468 4107 523 4162 hoc
535 4110 667 4162 castrum
682 4120 716 4161 eo
728 4110 860 4177 tempore
870 4105 962 4163 luisse
1049 4105 1087 4176 (pi
1103 4104 1131 4159 ln
1149 4104 1283 4161 llditiono
1299 4105 1506 4172 Venets,anno
1519 4110 1600 4177 1728,
1612 4111 1671 4168 hec
1686 4114 1728 4169 ita
1743 4115 1775 4170 in
1791 4114 1844 4170 hle.

131 4177 277 4233 existimo.
294 4177 359 4234 Not.
375 4179 420 4233 86.
1015 4176 1137 4248 reperiri
1152 4177 1312 4233 adnotatur
1324 4195 1331 4232 ι
1343 4178 1442 4235 Sueuos
1456 4181 1529 4254 opud
1544 4183 1649 4239 Lucum
1663 4182 1844 4255 depraedatur

168 4246 205 4316 (c)
220 4247 303 4303 Nunc
317 4249 447 4320 primum
462 4250 539 4322 apud
555 4248 666 4305 Gothos
681 4247 961 4319 comitesetmagis-
1014 4249 1181 4315 habitantes,
1198 4255 1266 4314 etc..
1282 4265 1371 4320 quam
1388 4250 1544 4308 lectionem
1568 4269 1744 4326 germanam
1762 4257 1844 4314 idatii

133 4321 195 4373 tros
220 4320 349 4374 militnm
374 4320 449 4391 lego.
464 4326 504 4375 lln
520 4321 619 4392 reipsa
635 4319 709 4375 tales
722 4324 808 4374 erant
822 4319 960 4393 Nepotia·
1014 4336 1080 4376 esse
1094 4325 1172 4391 pulo.
1194 4320 1325 4376 liabetur
1338 4321 1368 4378 id
1385 4321 1413 4376 in
1431 4325 1613 4395 praelatione,
1628 4332 1701 4382 tom.
1720 4329 1748 4383 ll
1762 4333 1845 4402 Oper.

132 4405 189 4444 nus
202 4391 430 4447 etSuniericns‘l
443 4409 478 4446 on
492 4392 603 4446 idatius
613 4407 629 4445 a
640 4391 780 4446 Romanis
791 4390 846 4447 hos
857 4391 961 4448 titulos
1013 4391 1170 4446 sirmondi.

132 4461 161 4515 in
176 4477 226 4516 eos
242 4462 417 4518 transtulit?
431 4463 506 4518 Sane
520 4461 705 4517 suniericum
722 4462 852 4519 Gothum
868 4462 960 4519 luisse
1049 4463 1088 4534 (tl
1101 4465 1228 4533 Apparet
1245 4462 1417 4532 Dictinium,
1438 4466 1609 4538 Spinionem
1634 4473 1664 4524 et
1686 4471 1845 4528 Ascanium

131 4548 190 4587 non
207 4533 318 4589 dubito.
338 4535 372 4589 ut
394 4534 461 4590 licet
485 4533 646 4605 Nepotiane
671 4549 778 4589 nomen
802 4534 958 4590 Gothicum
1013 4533 1150 4589 homines
1173 4534 1266 4589 luisse
1293 4537 1432 4607 perildos,
1448 4539 1499 4610 qni
1526 4556 1605 4595 nunc
1628 4545 1753 4607 Suevos,
1770 4559 1845 4599 nuno

130 4620 190 4660 non
213 4604 262 4672 sit,
278 4605 334 4661 suh
359 4604 542 4662 Theoderico
568 4604 712 4660 militasse
736 4610 861 4661 testatur
883 4607 959 4662 inira
1014 4604 1154 4660 Gullaecos
1171 4606 1372 4676 prodiderunt,
1387 4608 1452 4664 illos
1468 4610 1582 4678 Gothis,
1598 4612 1652 4667 hos
1667 4612 1787 4670 Suavis.

131 4674 265 4745 idatius3
282 4681 410 4734 attamen
421 4677 580 4733 adhesisse
591 4674 693 4732 Gothis
703 4677 872 4802 potuitgost
881 4678 956 4732 Aviti
972 4687 996 4750 Β
1046 4678 1079 4746 (1)
1096 4677 1272 4748 Suspectum
1288 4679 1362 4734 mihi
1378 4689 1422 4736 est
1436 4684 1558 4737 verbum
1577 4681 1662 4740 illud.
1678 4689 1713 4740 ln
1729 4687 1843 4743 Sando-

129 4746 292 4815 interitum,
310 4750 387 4805 siout
401 4748 489 4805 etiam
504 4748 685 4813 suniericus,
701 4752 791 4820 atque
829 4750 854 4804 ic
868 4750 959 4805 comi·
1012 4748 1080 4804 valii
1095 4749 1187 4804 idatio
1202 4747 1308 4804 launna
1321 4754 1375 4806 boo
1389 4752 1453 4808 loco
1467 4753 1605 4809 cernitur.

129 4819 206 4886 tiva,
221 4819 270 4875 ilie
285 4822 459 4894 magisteriae
476 4819 630 4887 honorem,
645 4833 732 4891 quem
755 4821 832 4891 apud
850 4823 956 4876 itoma-
1047 4821 1080 4890 ij)
1096 4821 1177 4885 Quod
1193 4818 1223 4874 in
1239 4820 1446 4890 hqniilaviensi
1461 4825 1585 4882 ecclesia
1599 4824 1741 4884 inventus
1758 4827 1845 4885 inerit

129 4907 183 4947 nos
198 4891 295 4961 adepti
311 4897 406 4960 erant,
423 4892 499 4948 inter
512 4891 618 4948 Gothos
643 4891 799 4947 retinuere.
816 4890 954 4964 Ostrogo·
1011 4890 1123 4946 idatius
1134 4890 1311 4947 al'rumario
1322 4900 1351 4948 et
1362 4894 1396 4948 ad
1408 4897 1541 4951 eamdem
1559 4898 1845 4968 posttertiummen·

128 4961 404 5020 thus'lheodoricus
420 4963 592 5035 hujusmodi
609 4961 727 5019 honoris
742 4963 853 5032 gradus
868 4965 956 5034 paulo
1011 4978 1074 5018 sem
1090 4962 1219 5028 redierit,
1235 4961 1316 5020 illius
1331 4964 1467 5023 Hcolesin
1482 4968 1654 5040 episcopum
1672 4971 1843 5028 luissealla·

129 5039 195 5105 post
209 5034 239 5089 in
257 5034 389 5091 italicum
402 5053 489 5091 suum
506 5050 630 5117 regnum
646 5033 774 5101 invexit3
791 5037 867 5106 apud
880 5034 956 5092 Visi·
1010 5034 1063 5088 tim
1082 5033 1219 5090 declarat.

128 5105 233 5177 gothos
249 5123 306 5162 non
322 5107 380 5164 nisi
395 5106 481 5179 longe
496 5123 593 5163 serius
607 5105 785 5162 invenimus.
1046 5104 1085 5176 (it)
1100 5112 1144 5160 An
1160 5121 1234 5177 quos
1249 5105 1297 5161 hic
1312 5108 1497 5175 Auregenses
1511 5115 1595 5168 vooat
1611 5112 1725 5170 idatius
1751 5114 1838 5171 iidem

163 5177 202 5248 (d)
218 5176 341 5235 Ubinam
357 5187 473 5251 gestum
489 5179 527 5235 sit
543 5176 732 5241 bochellum,
748 5177 777 5233 in
796 5193 853 5248 quo
868 5177 957 5235 Gothi
1010 5176 1054 5232 illi
1070 5181 1139 5232 sunt
1163 5176 1214 5247 qui
1238 5176 1268 5232 in
1293 5176 1390 5250 lapide
1406 5182 1618 5252 Aquillaviensi
1643 5184 1841 5258 thrigsnaes

128 5262 145 5300 a
167 5247 307 5304 Romanis
330 5250 399 5307 victi
421 5256 502 5315 sunt,
531 5266 588 5305 non
611 5249 749 5322 exprimit
773 5248 895 5305 idatius.
922 5250 955 5306 ln
1011 5248 1176 5303 dicuntur?
1192 5248 1268 5303 Sane
1284 5265 1390 5306 nomen
1407 5269 1463 5308 non
1481 5253 1608 5310 multum
1625 5255 1755 5314 abludit.
1772 5257 1841 5314 Etsi

126 5318 220 5374 Gallia
247 5327 410 5393 pugnatum
427 5323 505 5378 inter
520 5325 662 5393 utrosque
677 5321 770 5378 inisse
785 5337 820 5376 ex
835 5322 955 5377 Sidonio
1011 5320 1224 5391 auregensium
1252 5319 1357 5377 civitas
1386 5327 1488 5380 eadem
1518 5331 1563 5382 est
1587 5343 1620 5382 ac
1645 5344 1740 5399 quam
1764 5344 1840 5385 nuno

128 5387 287 5462 colligitur.
307 5392 372 5449 Not.
388 5394 433 5449 87.
1012 5391 1112 5447 Oreste
1127 5389 1211 5460 vulgo
1231 5390 1369 5463 dicimus,
1385 5400 1414 5451 et
1429 5397 1464 5450 ad
1481 5403 1658 5454 conventum
1676 5401 1839 5457 Lunensem

163 5460 198 5531 (e)
212 5462 250 5517 Hx
266 5467 396 5534 tempore
416 5480 474 5535 quo
498 5463 639 5521 Haldram
665 5477 806 5533 regnasse
830 5468 955 5532 consuit,
1011 5462 1111 5533 procul
1128 5462 1217 5518 dubio
1235 5466 1384 5535 pertinuit,
1397 5471 1425 5522 et
1436 5467 1517 5539 ponti
1532 5468 1839 5540 Aquiilaviensinons·

127 5530 220 5603 liquet
236 5533 362 5591 idatium
378 5535 480 5591 istasd
492 5552 604 5590 annum
618 5534 777 5590 abrahami
789 5534 861 5589 tlte
876 5541 955 5591 retu·
1011 5534 1146 5600 truendo,
1164 5533 1201 5588 ob
1215 5535 1408 5604 vicinitatem,
1425 5555 1510 5609 opem
1538 5542 1615 5597 lerre
1639 5549 1669 5598 et
1693 5544 1792 5615 potuit
1813 5542 1840 5598 el

127 5602 208 5673 lisso,
224 5604 276 5674 qni
298 5621 365 5661 cnm
391 5624 467 5663 anno
492 5624 554 5662 rarae
571 5604 701 5678 vulgaris
723 5606 776 5661 160
797 5609 954 5663 concurrit.
1011 5605 1122 5661 debuit.
1139 5605 1267 5661 loannes
1283 5606 1459 5666 Biclarensis
1472 5628 1549 5669 anno
1566 5614 1583 5666 7
1600 5614 1762 5688 leovigildi
1778 5631 1837 5672 me·

127 5675 195 5734 Not.
213 5677 258 5732 88.
1011 5677 1098 5732 minii
1112 5678 1198 5732 etium
1214 5684 1328 5735 morrtes
1342 5682 1516 5754 aregenses.

163 5747 197 5821 (s)
210 5748 364 5816 ilelittors,
376 5764 434 5805 non
446 5749 481 5806 de
492 5754 577 5821 portu
586 5747 806 5821 Carthaginensi
819 5750 956 5822 abreptos
