3930 6240
128 334 186 391 813
762 335 982 393 adauctum
1002 337 1216 395 stabulaus.
1787 333 1841 392 81⁴

129 457 266 531 ingressa
282 462 327 516 est
350 461 387 517 ad
402 460 605 517 babitaculum
623 477 729 518 suum:
746 460 796 518 ille
810 476 878 518 vero
896 477 962 517 ore·
975 461 1003 528 Α
1018 462 1099 518 tudo.
1123 463 1246 536 Semper
1269 465 1360 539 igitur
1374 464 1463 522 vitam
1479 465 1611 539 quietam
1625 479 1735 537 agens,
1751 465 1840 534 utque

127 549 209 604 tione
223 549 253 604 in
265 549 371 606 limine
383 550 491 608 domus
504 550 589 620 lacta,
603 552 638 606 ad
650 551 846 608 solitudinum
860 567 958 607 socre-
1014 567 1117 608 omnes
1143 554 1193 624 qui
1209 553 1245 609 ad
1269 553 1429 611 videndum
1445 554 1580 610 eumdem
1596 551 1762 617 veniabant,
1789 566 1841 623 per

133 642 162 693 ta
178 639 331 695 remcavit.
1013 656 1107 697 annos
1124 640 1267 713 plurimos
1279 643 1398 710 docens,
1414 644 1449 699 ad
1462 648 1643 716 postremum
1655 640 1772 698 decella
1785 656 1839 696 sua

164 733 226 785 Hoc
238 733 337 786 autam
351 729 445 802 ipsius
457 730 634 788 miraculum
650 733 751 800 fertur,
765 734 840 804 quod
851 748 918 788 cum
928 730 957 786 in
1012 729 1081 785 talis
1096 731 1136 786 rel
1153 731 1326 789 necessitate
1339 733 1492 805 processit.

130 833 164 872 eo
181 818 231 873 ubi
248 819 373 890 degebat
388 819 452 876 loco
463 820 581 878 fecisset
596 822 652 878 sibi
664 827 798 893 puteum,
812 827 957 893 alequam
1048 819 1120 875 Cum
1137 821 1229 877 tames
1240 822 1400 878 admodum
1412 823 1509 895 gravis
1524 821 1552 877 in
1564 820 1707 876 Edissena
1719 819 1836 875 civitate

127 904 190 962 illic
205 909 421 964 amarissimam
443 910 614 983 reperisset,
631 911 740 967 ibidem
762 927 853 981 usque
869 911 905 966 ad
922 910 958 964 li·
1013 910 1126 965 seviret
1143 954 1150 976 ,
1168 910 1324 968 miseratus
1345 912 1394 968 ille
1423 917 1593 984 pereuntem
1613 909 1835 966 multitudinem

128 1012 198 1052 nem
214 995 355 1054 ultimum
372 999 458 1069 vixit,
475 1004 631 1057 contentus
646 1000 769 1056 invente
785 1000 958 1056 amaritudi·
1012 998 1164 1068 rusticam,
1181 1001 1305 1056 accessit
1316 1001 1351 1056 ed
1363 1000 1479 1068 divites,
1491 1000 1545 1056 boc
1556 1001 1598 1054 aie
1609 998 1711 1054 dicans
1722 1013 1729 1053 τ
1742 999 1836 1063 Quare

125 1087 217 1144 nibus
233 1104 329 1159 aque,
347 1092 379 1144 ut
395 1090 693 1161 patientinmcunctis
705 1092 828 1163 propria
840 1090 958 1146 virtutis
1013 1086 1093 1143 nulla
1104 1104 1164 1156 vos,
1180 1088 1287 1161 inquit,
1304 1091 1441 1146 humane
1457 1094 1567 1145 nature
1583 1088 1625 1144 sic
1647 1093 1714 1144 ante
1734 1087 1835 1143 oculos

124 1178 308 1236 ostenderet.
325 1178 408 1234 Multi
420 1183 519 1235 tamen
532 1184 631 1252 postea
643 1181 789 1247 monachi,
803 1178 957 1250 postillius
1013 1181 1126 1233 vestros
1141 1179 1304 1235 deficientis
1326 1179 1526 1236 misericordie
1543 1182 1649 1248 movet,
1666 1178 1716 1233 sed
1733 1181 1836 1249 putre·

124 1272 253 1323 mortem
276 1266 382 1341 degere
396 1268 425 1324 in
442 1268 515 1324 celle
537 1270 632 1341 ipsius
648 1270 787 1342 pertinaci
808 1267 957 1325 voluntale
1012 1267 1273 1325 laotaintrinsecus
1285 1271 1320 1324 ad
1333 1269 1607 1325 condemnationem
1619 1272 1836 1323 vestrarumser

124 1356 291 1428 cupientes,
314 1373 350 1413 ne
367 1375 426 1414 uno
442 1360 561 1430 quidem
583 1376 660 1416 anno
675 1359 735 1415 illio
755 1359 890 1415 babitare
905 1375 957 1430 po·
1011 1357 1084 1413 vatis
1095 1358 1424 1414 animarum‘t'l'uncilli
1437 1355 1833 1426 :Nonhabemus,inquiuut‚

124 1449 259 1501 tuerent.
281 1447 375 1503 Habet
389 1447 466 1504 enim
483 1449 547 1520 ipse
562 1449 643 1505 locus
663 1453 692 1505 et
707 1451 842 1504 timorem
865 1449 956 1505 maxi·
1011 1447 1119 1518 quibus
1135 1449 1289 1520 pecuniam
1304 1448 1460 1520 egentibus
1471 1448 1657 1504 dividendam
1670 1447 1705 1502 ad
1720 1462 1835 1517 compa·

127 1550 210 1590 mum
226 1551 355 1608 semper,
371 1542 400 1593 et
414 1536 554 1593 solatium
570 1536 698 1593 nullum.
1010 1536 1153 1593 rationem
1168 1539 1301 1594 ciborum
1318 1540 1435 1595 credere
1450 1538 1620 1594 debeamus.
1636 1536 1744 1592 Omnes
1754 1534 1832 1590 euim

415 1626 533 1684 CAPUT
558 1627 670 1684 XXVll.
1010 1627 1151 1696 negotiari
1169 1645 1220 1700 pro
1236 1629 1298 1685 suis
1309 1627 1593 1684 commodisvolunt.
1609 1626 1775 1682 Atillclsta
1788 1624 1834 1679 di-

391 1716 458 1773 Vito
472 1717 572 1789 dloysis
586 1718 693 1790 Libyci.
1009 1717 1162 1774 centibus:
1176 1717 1267 1789 Talis,
1283 1717 1391 1790 inquit,
1407 1717 1489 1773 vobis
1504 1717 1625 1773 videor?
1636 1715 1769 1772 ilabebat
1784 1730 1835 1769 au·

162 1802 278 1877 ltopses
293 1804 417 1876 qnidam
436 1807 472 1864 de
487 1807 578 1880 Libya
589 1808 733 1864 oriundus
745 1806 863 1880 luit‚vir
875 1824 952 1864 man·
969 1831 993 1897 B
1008 1811 1066 1862 tem
1084 1823 1222 1880 magnam
1246 1809 1323 1880 apud
1341 1807 1474 1863 homines
1489 1808 1552 1879 ipse
1577 1806 1621 1862 vir
1637 1806 1755 1861 lamam.
1779 1801 1833 1867 Qui

122 1893 296 1951 suetudinis
323 1911 448 1953 summe
469 1900 498 1952 et
518 1896 687 1954 dilectionis
714 1897 877 1965 immense,
901 1897 952 1970 qui
1010 1902 1080 1953 tuno
1094 1899 1119 1953 ei
1135 1915 1193 1954 nau
1206 1897 1430 1964 salsediceutes,
1441 1897 1499 1953 ista
1510 1895 1688 1969 respondent
1700 1910 1706 1948 :
1719 1893 1834 1949 Scimus

121 1982 236 2040 celesti
261 1985 357 2056 gretia
382 2002 475 2059 egros
500 2004 603 2044 curare
627 1988 789 2060 promeruit
812 1988 953 2061 (pallad,
1009 1989 1047 2057 te,
1064 1987 1214 2059 inquiunt,
1237 1986 1387 2044 huminem
1412 1987 1460 2043 ttei
1475 2003 1550 2043 esse.
1566 1988 1602 2041 At
1625 1984 1693 2040 ille:
1720 1981 1834 2038 Credite

126 2089 190 2144 cup.
205 2074 264 2146 88).
1008 2088 1079 2145 argo
1101 2073 1173 2129 mibi
1190 2075 1331 2147 pecunias
1352 2081 1483 2143 uestras;
1507 2074 1691 2130 etiamnunc
1715 2074 1834 2143 propter

162 2163 215 2218 Hic
225 2163 327 2221 retulit
342 2164 427 2235 mibi,
443 2168 520 2238 quod
533 2184 599 2224 cum
616 2166 711 2223 adbuc
717 2167 833 2239 juvenis
848 2167 879 2223 in
891 2184 953 2224 mo·
1008 2178 1060 2219 vos
1080 2179 1133 2236 ego
1163 2165 1266 2221 ordino
1282 2180 1328 2221 ma
1347 2163 1457 2237 ipsum,
1478 2167 1673 2234 suscepturus
1695 2160 1831 2216 ministe-

121 2252 257 2310 nesterio
272 2269 325 2311 suc
341 2258 430 2323 esset,
446 2272 479 2312 aa
494 2260 615 2328 puteum
630 2255 765 2312 maxime
781 2256 953 2327 capacitatis
1008 2252 1085 2308 rium
1101 2254 1320 2326 peregrinorum
1337 2261 1425 2327 atqua
1440 2254 1627 2310 miserorum.

122 2342 276 2411 effoderet,
289 2343 390 2417 uiginti
401 2344 431 2400 in
447 2345 541 2401 latum
558 2346 714 2402 habentem
731 2346 830 2416 pedes,
845 2351 873 2402 et
889 2363 953 2403 cen·
1043 2338 1831 2416 Acceptaigiturpecuniaintereluaitcertisparietibus

123 2435 191 2487 tum
208 2431 237 2487 in
251 2433 441 2507 profundum,
457 2438 486 2491 et
496 2435 525 2490 iu
541 2439 622 2491 tantu
633 2436 727 2508 spatio
740 2434 852 2491 nullum
870 2452 952 2508 aque
1007 2432 1138 2506 porticus
1151 2433 1290 2503 civitatis,
1306 2439 1334 2489 et
1349 2436 1495 2490 trecentos
1510 2432 1541 2487 in
1556 2431 1629 2503 ipsis
1641 2428 1764 2486 lectulos
1781 2446 1831 2501 po·

122 2521 244 2594 signnm
259 2523 378 2590 videret,
396 2525 556 2598 presertim
573 2541 640 2582 eum
657 2524 746 2581 atium
763 2525 838 2580 inira
853 2525 951 2596 ipsum
1007 2523 1076 2591 suit,
1086 2522 1115 2578 in
1127 2523 1235 2595 quibus
1246 2524 1321 2580 lame
1332 2526 1488 2595 pereuntes
1499 2519 1660 2591 reficiebet3
1672 2518 1831 2575 morientes

121 2610 209 2669 nulla
223 2611 344 2683 indicia,
358 2613 508 2687 inquibus
522 2614 708 2687 essealiquid
726 2614 952 2686 bumarisputa·
1008 2611 1127 2684 quidem
1153 2611 1308 2684 sepeliens,
1324 2629 1374 2669 eoa
1398 2616 1497 2669 autem
1514 2610 1623 2683 quibus
1647 2608 1742 2665 adbuc
1762 2624 1830 2680 spes

121 2700 224 2768 batur,
240 2707 424 2774 apparerent,
441 2702 512 2758 dum
528 2708 645 2759 centum
662 2719 735 2776 pene
751 2702 823 2760 alios
838 2703 953 2759 alludis·
1007 2703 1106 2776 nliqna
1122 2702 1185 2758 vite
1197 2706 1270 2768 erat,
1286 2702 1316 2758 iu
1331 2703 1405 2774 ipsis
1420 2718 1521 2758 eorum
1538 2701 1689 2757 laboribus
1704 2713 1830 2756 curans:

124 2793 193 2847 sent
209 2790 308 2863 pedes,
323 2807 357 2847 ac
374 2807 426 2848 nec
440 2795 510 2848 tunc
522 2794 641 2865 quidem
655 2793 809 2849 humorem
821 2792 950 2864 aliquem
1006 2793 1202 2864 omnibusque
1218 2792 1410 2864 pereuntibus
1430 2792 1507 2848 lame
1522 2790 1572 2864 qui
1591 2788 1661 2845 illuc
1677 2789 1831 2844 undecun-

124 2877 448 2952 iuveoirepotnissent;
460 2881 570 2947 tristes,
581 2881 686 2952 inquit,
699 2882 859 2938 admodum
871 2882 950 2952 lecti,
1006 2900 1062 2957 que
1078 2884 1290 2949 confluxerant,
1306 2882 1508 2954 quotidianum
1525 2878 1723 2935 ministerium
1739 2894 1827 2934 suom

119 2984 139 3022 a
153 2971 215 3023 tam
227 2966 631 3042 inutilioperecogitabamns
642 2971 809 3028 abscedere.
822 2973 950 3029 ticceau·
1005 2976 1041 3031 ad
1059 2973 1255 3031 necessariam
1272 2971 1497 3029 sollicitudinem
1512 2970 1691 3043 prehensas
1706 2967 1743 3024 iis
1762 2983 1827 3041 que

120 3059 183 3111 tem
200 3056 300 3114 subito
311 3062 432 3115 sanctus
444 3057 510 3115 Pior
526 3060 560 3116 de
572 3059 685 3117 ultimis
697 3059 889 3117 solitudinum
905 3061 949 3117 lo·
1004 3065 1040 3121 ed
1056 3080 1122 3120 eum
1141 3064 1250 3136 singuli
1265 3063 1374 3136 quique
1388 3062 1494 3117 divites
1513 3061 1691 3116 deferebant.

119 3146 165 3201 cis
180 3144 212 3201 in
228 3146 356 3203 maximo
373 3149 476 3205 ardore
490 3153 589 3218 estus,
605 3149 677 3206 bora
692 3150 949 3207 sextadieiadmo·
966 3154 988 3222 G
1043 3153 1167 3227 lmpletc
1182 3157 1280 3209 autem
1297 3155 1456 3208 memorato
1472 3167 1558 3217 anno,
1571 3153 1727 3221 postquam
1739 3147 1828 3219 copie

121 3235 196 3291 dum
212 3250 247 3291 ex
264 3234 337 3308 pelle
352 3235 465 3295 velatus
480 3239 576 3295 astitit
591 3239 687 3307 nobis,
703 3242 732 3296 et
743 3239 788 3296 bis
804 3244 950 3311 postremo
1008 3243 1127 3316 frugum
1143 3244 1268 3315 grandes
1279 3243 1406 3307 suerunt,
1418 3238 1543 3312 singulis
1555 3237 1766 3310 quibusquead
1778 3235 1830 3291 do·

120 3324 243 3382 locutus
257 3330 303 3382 est
316 3327 432 3383 verbis:
1009 3331 1119 3389 micitia
1131 3333 1246 3406 propria
1257 3330 1408 3404 regressis,
1417 3346 1482 3386 cum
1493 3327 1601 3402 quibus
1612 3326 1656 3383 rel
1667 3325 1745 3383 circa
1755 3341 1830 3397 quos

161 3415 236 3483 Quid
252 3415 389 3473 homines
413 3433 506 3490 parve
522 3418 601 3485 fidoi,
618 3420 838 3492 angustiamini,
855 3425 883 3477 et
897 3421 949 3477 de·
1008 3423 1116 3479 luceret
1130 3439 1187 3479 ηοη
1203 3422 1334 3487 baberet,
1349 3419 1500 3477 confestim
1516 3419 1551 3474 ad
1575 3433 1659 3474 suam
1676 3414 1831 3472 revertitur

123 3521 245 3576 sperare
269 3504 432 3564 voluistis?
450 3509 493 3565 eb
508 3508 651 3565 beaterum
675 3509 753 3566 enim
774 3509 830 3567 diei
855 3511 950 3583 spatio
1007 3511 1156 3582 cellulam,
1172 3511 1201 3566 in
1218 3528 1276 3584 qua
1290 3511 1362 3566 obiit
1378 3514 1444 3582 past
1458 3509 1586 3581 spatium
1602 3505 1714 3564 mensis
1728 3504 1828 3562 unius.

123 3609 221 3667 usqua
237 3610 317 3651 nnnc
330 3595 450 3652 tristitia
464 3597 671 3654 absorbemini.
686 3599 870 3655 Descendens
881 3615 949 3672 ergo
1006 3601 1181 3673 Huiusmodi
1193 3602 1292 3656 autem
1307 3599 1489 3655 occasionem
1501 3597 1578 3653 circa
1587 3597 1674 3653 linem
1687 3592 1779 3661 illius,
1791 3593 1826 3649 nd

122 3681 153 3738 in
164 3684 359 3756 protundum,
371 3701 422 3758 per
432 3701 482 3742 eas
491 3702 563 3758 quea
575 3685 617 3741 illi
631 3685 760 3743 fecerant
770 3687 874 3757 scalas,
887 3706 949 3744 ora·
1006 3687 1534 3763 exemplumStepbani‚pietasdivina
1542 3686 1725 3759 prestiterat.
1735 3682 1827 3740 Multa

122 3772 272 3830 ticnsillic
282 3774 636 3844 cumomnihustaotaper
647 3777 804 3848 terraquod
817 3778 847 3833 in
859 3795 948 3835 manu
1004 3797 1072 3837 vero
1087 3778 1216 3850 reliquit,
1233 3795 1296 3850 que
1309 3777 1372 3848 ipse
1382 3776 1568 3849 conscripsit,
1580 3775 1729 3845 exquibus
1740 3774 1827 3846 plura

122 3867 252 3936 ceperat,
269 3862 366 3920 solum
382 3864 462 3937 putei
488 3866 643 3938 percussit,
661 3866 715 3922 hoc
731 3866 850 3923 dicens:
869 3870 948 3926 Deus
1005 3886 1111 3942 magna
1126 3867 1213 3925 laude
1228 3867 1424 3924 celebrantur.

121 3967 276 4008 sacrorum
302 3951 546 4023 patriarcharum,
569 3960 606 4024 te,
623 3955 730 4028 inquil,
746 3974 901 4029 precamur
914 3976 947 4015 ao
1039 3958 1244 4018 Necessarium
1260 3962 1358 4014 autem
1373 3955 1457 4012 valde
1472 3959 1502 4012 et
1515 3954 1569 4012 boc
1584 3959 1665 4027 puto,
1682 3951 1826 4008 utmulie·

121 4041 262 4112 petimus,
279 4056 317 4096 ne
327 4041 391 4097 sine
406 4058 496 4099 causa
510 4042 636 4116 impensi
654 4045 714 4101 sint
729 4047 802 4102 tanti
821 4048 945 4104 lratrum
1002 4049 1084 4105 ribus
1095 4046 1424 4122 quoque,sicutpreiati
1435 4043 1652 4110 sumus‚virilcs
1664 4058 1761 4098 mores
1771 4041 1825 4096 ba-

120 4128 246 4200 labores,
262 4130 313 4186 sed
330 4142 435 4202 presta
449 4131 523 4207 ipsis
539 4150 626 4189 usum
643 4136 708 4206 ejus
721 4152 809 4207 qnam
831 4137 946 4194 deside·
1001 4138 1140 4196 bentibus
1155 4143 1244 4211 atque
1259 4137 1410 4204 honestos,
1427 4137 1462 4192 ad
1484 4132 1654 4190 memoriam
1669 4130 1826 4202 sempiter-

123 4224 186 4275 rant
200 4236 295 4292 aque.
313 4218 458 4277 Continuo
474 4219 649 4279 ebullientes
664 4224 700 4279 de
714 4224 875 4283 visceribus
891 4226 945 4283 soli
1000 4245 1068 4284 nam
1079 4224 1416 4298 libellinoatripaginem
1425 4225 1618 4298 prehendens,
1628 4220 1735 4294 quibus
1746 4219 1824 4275 Deus

122 4304 221 4366 latices
260 4307 453 4382 perfuderunt
476 4315 641 4382 precantes.
675 4317 810 4386 Cumque
840 4331 945 4373 rursus
999 4322 1171 4374 nosternon
1189 4315 1329 4372 interiora
1344 4332 1415 4372 sexu
1435 4313 1508 4370 virili
1524 4311 1684 4369 certamina
1704 4309 1824 4365 donavit

127 4398 334 4472 orasset,coepit
344 4399 380 4455 ad
396 4401 515 4473 propria
529 4400 602 4458 velle
615 4418 752 4471 remeare,
767 4404 895 4477 quicum
907 4408 944 4461 ad
999 4411 1027 4464 et
1041 4407 1171 4479 premia,
1187 4410 1220 4462 ut
1236 4407 1367 4462 demeret
1391 4403 1457 4461 aliis
1471 4402 1689 4476 negligentibus
1704 4415 1820 4454 omnem

128 4489 296 4545 sumendum
312 4488 411 4544 cibum
428 4489 464 4545 ab
479 4489 540 4546 illis
554 4491 741 4561 retineretur,
757 4493 812 4550 hcc
826 4494 886 4551 illis
900 4495 942 4552 lo·
959 4530 981 4595 D
998 4496 1193 4555 excusationis
1204 4495 1399 4553 occasionem.
1416 4495 1483 4560 Qum
1494 4492 1563 4564 quia
1577 4508 1664 4548 sexus
1674 4487 1823 4547 inferioris

130 4579 205 4634 cutus
219 4582 281 4634 est:
298 4579 510 4653 propterquod
521 4582 595 4636 871
609 4598 687 4649 snm,
700 4582 806 4654 inquit,
817 4578 948 4657 missus,
997 4587 1143 4657 videntur,
1162 4603 1219 4643 non
1236 4602 1323 4661 posse
1339 4600 1369 4641 se
1385 4582 1488 4639 dicunt
1503 4582 1539 4638 ed
1555 4579 1821 4638 commendandam

132 4661 295 4724 boclaotum
312 4673 377 4728 est:
395 4685 463 4726 nam
479 4672 621 4726 utcibun:
637 4687 783 4745 caperem,
796 4690 882 4731 nemo
895 4691 940 4732 me
994 4675 1113 4733 virtutis
1129 4675 1253 4749 gloriam
1269 4672 1420 4751 parvenire
1436 4674 1457 4728 ¹.

136 4753 209 4812 nisit.

397 4829 515 4887 CAPUT
529 4831 660 4888 XXVlll.
1290 4808 1404 4866 CAPUT
1423 4805 1525 4864 XXIX.
1665 4894 1670 4905 Ι
1783 4892 1788 4904 ’

277 4900 339 4959 l'ito
357 4901 486 4974 Ephrem
506 4903 619 4960 dicerent
639 4904 778 4962 Edisseai.
993 4904 1032 4959 lle
1045 4902 1144 4968 Paula,
1156 4899 1311 4965 Eustochio,
1329 4895 1611 4978 Venerio.·tieodcru,
1625 4893 1697 4950 Uaro.
1709 4891 1815 4974 Adeba,

163 4989 337 5064 ppgphfflm
361 4990 646 5050 diaconoggppsgnae
671 4995 936 5068 geopespaespapgad·
1031 4971 1359 5045 Buesioaillu,i²ltotino‚
1393 4963 1778 5037 Sabinianu,dsultc,Ar·rta

139 5085 181 5142 cap.
194 5079 364 5151 lOlt‚multa
378 5085 406 5135 te
419 5081 537 5138 audisse
548 5099 607 5139 ηοη
618 5083 847 5158 dubito,dignus
857 5086 936 5145 enim
1027 5092 1134 5149 Multas
1147 5090 1238 5165 igitur
1252 5089 1378 5146 feminas
1392 5086 1463 5158 vidi,
1480 5084 1684 5158 plurimosque
1698 5083 1759 5136 tam
1773 5081 1815 5136 vi·

140 5158 226 5239 ¹“lllli
237 5175 315 5228 ⁸⁸⁸et
325 5169 355 5226 51¹
368 5186 417 5227 ⁰?ss
428 5173 744 5239 ⁸⁸⁰0l⁰r11ffi0115011m
759 5175 800 5231 itt
810 5180 935 5249 ulopor·
990 5183 1065 5239 duas
1076 5197 1165 5254 qnam
1177 5177 1391 5253 virginesncvi,
1403 5177 1480 5232 inter
1490 5189 1563 5246 quas
1576 5170 1698 5227 Paulam
1707 5169 1813 5226 Roma-

139 5248 203 5323 lebat,
212 5258 267 5316 iter
281 5259 333 5315 vie
342 5259 506 5332 spiritualis
521 5261 683 5335 implesset,
695 5280 789 5336 neque
801 5283 933 5339 unquam
990 5287 1057 5327 nam
1075 5269 1208 5343 (Pultod.‚
1219 5285 1242 5324 c.
1252 5267 1330 5338 1125),
1341 5269 1463 5322 matrem
1472 5260 1584 5320 Toxotii
1597 5260 1662 5330 ttsst,
1675 5260 1813 5317 laminam

139 5350 345 5407 terroremue
354 5350 678 5426 deviassst‚meruitper
688 5356 869 5426 gratiamDei
881 5374 932 5413 na·
988 5361 1022 5417 ad
1039 5374 1132 5433 genus
1143 5360 1208 5414 vite
1220 5358 1298 5430 quod
1313 5361 1358 5412 est
1368 5354 1530 5412 secundnm
1543 5349 1812 5424 spiritum,dexter-

138 5424 249 5528 lutatium
260 5439 512 5497 baberenotitiam
525 5459 642 5500 rernm:
659 5445 705 5501 cni
716 5445 932 5504 benedictiodi·
987 5451 1061 5506 rimo
1078 5447 1213 5523 iugenio:
1231 5447 1290 5520 (cui
1305 5445 1437 5519 quidem,
1452 5441 1612 5515 quominus
1627 5439 1653 5497 ei
1667 5456 1700 5497 ae
1715 5440 1809 5507 deret,

136 5526 567 5606 lltasuccessit,aitapueillsqnse
578 5532 684 5591 exinde
697 5535 930 5594 nasciturbaeti·
983 5538 1194 5613 impedimento
1210 5537 1265 5593 luit
1276 5536 1472 5608 Hieronymus
1487 5531 1608 5605 quidum
1619 5544 1725 5606 genere
1738 5526 1809 5585 Dal·

162 5608 353 5704 ’lipomanus
376 5619 423 5678 bic
438 5620 631 5679 interserebat
649 5622 871 5684 Testamentum
887 5628 981 5688 sancti
1006 5629 1151 5703 Ephrem,
1168 5626 1245 5701 quod
1261 5642 1314 5684 neo
1334 5623 1364 5682 in
1384 5621 1535 5682 Heraclide
1556 5637 1610 5681 nec
1624 5620 1655 5679 in
1676 5616 1805 5676 Palladio

137 5682 182 5741 dl:
194 5687 279 5750 babes
293 5691 323 5749 rd
337 5695 415 5750 mter
428 5709 516 5767 opera
528 5693 674 5769 Ephrem.
