3960 6240
136 322 192 378 m
711 312 896 371 mrxnmx
915 315 964 368 su
983 313 1091 370 vrrxs
1110 318 1273 377 rursum
1788 324 1844 382 aea

133 447 237 505 scienti
252 445 421 517 Scriptores
437 447 555 499 sanotae
567 439 671 514 puallae
690 456 724 496 ex
740 453 864 512 persona
879 440 958 508 Apo·
973 455 1001 521 Α
1016 436 1137 497 lluvium
1153 443 1219 499 navi
1235 459 1288 517 ego
1302 460 1370 502 cum
1386 449 1466 503 metu
1478 446 1610 505 transivi.
1627 447 1677 505 tlst
1691 447 1773 505 enim
1785 447 1849 505 illio

135 536 202 593 stoli
219 552 251 591 ac
267 533 426 591 salvatoris
443 532 566 604 tegebat,
583 528 631 586 cui
646 527 765 585 lectioni
779 527 837 585 elis
852 542 959 583 secun·
1016 529 1156 589 derivatio
1171 535 1305 605 quedam
1324 534 1423 608 magni
1439 535 1519 593 illius
1535 536 1667 594 lluminis
1681 537 1751 594 Nili.

134 627 205 682 dum
221 640 338 682 sensnm
355 620 535 692 suumlonge
546 619 630 691 pluro
645 620 961 690 conjungens,expone·
1051 622 1083 675 ln
1093 619 1146 675 hoo
1156 621 1244 679 etiam
1257 623 1424 693 quiNltrius
1438 624 1546 682 dicitur
1558 636 1666 694 moute,
1678 625 1847 684 monachus

133 718 183 773 bat
191 716 286 770 eidem
294 709 685 782 castitatisvirginitatisque
696 706 959 773 conversationem,
1014 713 1077 764 eret
1098 710 1230 782 quidam,
1255 712 1302 767 cai
1323 717 1383 769 Hor
1402 715 1458 769 luit
1476 730 1583 770 nonem
1605 715 1741 786 (Potina,
1758 733 1782 772 c.
1801 717 1845 785 s),

133 811 166 861 ut
180 804 230 860 illa
246 808 312 876 post
326 800 558 858 satisfactionem
575 800 604 854 in
616 801 675 854 ictu
691 798 787 866 gratie
798 794 961 852 divinitalis
1014 797 1100 867 cujus
1115 798 1250 856 virtutem
1259 800 1420 858 multorum
1436 803 1554 876 quidem
1568 805 1694 861 fratrum
1708 805 1846 862 testimo·

132 894 255 967 impleta
269 892 396 949 eliceret:
413 890 483 946 tlibi
494 904 611 961 quoque
623 903 798 960 persuasum
809 884 897 952 scias,
909 886 959 940 do·
1015 887 1064 942 nia
1084 889 1308 959 predicabant²
1325 933 1333 962 ,
1353 892 1521 964 specialiter
1543 902 1644 951 tamen
1664 894 1772 951 ancilla
1793 894 1848 950 Dei

135 983 226 1053 mine,
234 986 348 1039 castam
362 982 454 1036 vitem
466 978 590 1035 libenter
599 975 822 1049 amplecti.Quid
834 990 902 1046 ergo
909 974 958 1044 ju·
1013 976 1150 1045 Melania,
1165 995 1229 1050 que
1245 985 1313 1037 anta
1326 996 1373 1037 ma
1388 982 1423 1037 ud
1435 981 1499 1038 loca
1513 982 1609 1055 ipsius
1624 984 1734 1041 montis
1749 1001 1849 1042 acces·

133 1075 203 1131 bare
218 1071 346 1144 amplius
366 1069 438 1127 valis
457 1073 604 1141 exaperta,
620 1067 671 1123 Cui
687 1065 746 1133 ille,
762 1065 832 1131 Hoc,
850 1062 959 1136 inquit.
1013 1071 1106 1136 serst;
1121 1084 1248 1141 nemego
1263 1070 1451 1137 superstitem
1468 1072 1673 1145 supradictum
1689 1074 1785 1130 virum
1803 1073 1848 1130 vi-

128 1163 220 1234 jubeo
231 1166 260 1218 et
271 1157 605 1232 rogo,utuuusquisqua
614 1152 959 1226 nostrumseparatimab
1013 1156 1081 1213 dere
1098 1173 1154 1214 uon
1171 1159 1264 1231 potui.
1280 1162 1346 1215 Heo
1370 1176 1439 1233 ergo
1463 1163 1498 1217 de
1521 1163 1756 1220 conversationis
1780 1164 1849 1236 ejus

132 1255 186 1310 boc
197 1251 244 1307 die
255 1254 380 1306 mancat.
391 1250 432 1305 tte
450 1247 528 1320 quod
538 1245 588 1302 ille
598 1261 655 1301 non
665 1242 820 1316 acquievit,
839 1242 958 1298 diosna:
1013 1245 1172 1303 virtutibus
1192 1248 1347 1317 referebat,
1368 1249 1448 1321 qued
1469 1267 1521 1306 nec
1544 1253 1687 1308 mentitus
1708 1269 1845 1326 unquam

131 1344 163 1398 ln
176 1342 277 1398 eadem
289 1339 409 1412 quidem
421 1336 504 1404 cella,
516 1334 608 1391 sedin
622 1332 738 1390 lectulis
749 1331 959 1403 separatisme·
1014 1334 1111 1405 luerit,
1127 1352 1179 1392 nec
1193 1337 1344 1407 juraverit,
1360 1354 1413 1395 nec
1423 1338 1608 1397 maledixerit
1624 1342 1776 1415 cuiquam,
1792 1359 1848 1400 nec

133 1446 201 1488 nere
212 1431 365 1487 debemus.
376 1432 508 1498 Cumque
518 1426 572 1481 boo
585 1424 717 1495 utrisque
728 1422 898 1495 placuisset,
913 1420 960 1474 de·
1013 1424 1076 1480 aine
1091 1426 1266 1482 necessitate
1282 1426 1381 1500 aliqua
1396 1428 1436 1484 sit
1451 1428 1580 1487 locutus.

130 1537 193 1576 cem
207 1524 235 1576 et
250 1525 416 1576 octoannos
430 1516 574 1585 vixerunt,
586 1513 627 1570 ita
643 1519 675 1569 ut
688 1512 739 1567 ills
754 1511 872 1584 quidem
889 1509 959 1565 totis
1049 1512 1144 1584 HuJua
1168 1515 1277 1572 montis
1301 1515 1450 1574 habitator
1467 1524 1495 1575 et
1516 1518 1618 1576 beatus
1639 1519 1749 1577 Pambo
1779 1521 1846 1580 luit.

133 1610 239 1666 diebus
253 1613 332 1666 esset
346 1609 376 1663 in
391 1605 475 1676 cella,
491 1604 540 1660 ille
555 1607 652 1659 sutem
667 1600 818 1658 insisteret
832 1598 912 1670 operi
927 1597 957 1652 iu
1013 1603 1104 1668 Quem
1119 1603 1314 1662 etDioscoros
1328 1606 1496 1680 episcopus,
1508 1612 1537 1665 at
1546 1609 1733 1677 Ammonius,
1745 1614 1775 1666 at
1791 1611 1848 1666 lbr-

133 1698 249 1756 hortulo
266 1714 353 1772 quem
368 1695 493 1762 colebat,
509 1698 537 1750 ct
548 1691 714 1749 balsamum
727 1707 760 1746 ee
776 1705 834 1761 qua
845 1687 958 1760 peritus
1012 1691 1122 1762 sobius,
1139 1696 1167 1748 et
1191 1693 1367 1766 Euthymius
1381 1695 1497 1763 lintres,
1514 1700 1544 1753 et
1559 1696 1708 1769 Origenes.
1722 1706 1752 1754 et
1768 1698 1843 1755 Dra·

132 1793 195 1845 eret
207 1793 269 1845 arte
284 1786 450 1843 conficeret·
467 1783 548 1848 Quod
563 1788 662 1838 lumen
682 1780 849 1835 balsamum
864 1775 957 1832 multo
973 1821 996 1888 Β
1012 1779 1129 1836 centius
1153 1781 1208 1837 viri
1234 1781 1426 1841 admirabiles
1440 1788 1470 1841 et
1492 1801 1584 1857 nepos
1607 1786 1657 1858 (3),
1673 1785 1845 1844 habuerant

131 1878 231 1935 labore
245 1878 281 1933 ad
298 1874 456 1949 imaginem
467 1873 617 1929 vinearum
627 1875 653 1927 et
670 1869 830 1943 plantatur,
848 1870 876 1922 et
891 1864 959 1922 coli·
1013 1870 1197 1941 magistrum.
1211 1871 1264 1938 Qut
1282 1872 1389 1929 Pambo
1401 1877 1430 1930 et
1440 1890 1507 1930 cum
1523 1874 1670 1931 multisne
1685 1875 1777 1933 variis
1787 1877 1847 1933 vir·

134 1973 193 2037 tur,
208 1971 237 2023 at
254 1970 384 2039 putetur.
406 1961 585 2034 vespertinis
597 1964 696 2016 autem
710 1957 792 2014 boris
807 1971 958 2028 regressus
1012 1963 1108 2015 tutum
1133 1960 1344 2034 prerogativis,
1368 1961 1535 2036 palmisque
1556 1964 1748 2037 praecelleret,
1767 1967 1848 2023 iuter

133 2058 255 2113 domum
268 2051 556 2117 arationibuslactis,
572 2054 601 2106 et
613 2065 678 2104 cnm
690 2048 790 2104 eudem
803 2045 867 2101 cibo
879 2061 958 2100 surn-
1012 2049 1092 2121 ipsas
1108 2049 1195 2106 etism
1211 2049 1267 2107 boo
1283 2051 1423 2109 babuisse
1443 2052 1624 2126 praecipuum
1645 2060 1844 2124 memoratur,

134 2150 194 2219 pto,
210 2163 243 2202 ao
258 2161 362 2201 rursus
373 2140 525 2198 nocturnis
540 2139 675 2212 precibus
692 2152 813 2193 exmora
832 2133 958 2191 celebra·
1013 2138 1090 2210 quod
1101 2137 1249 2196 intantum
1265 2141 1330 2196 auri
1345 2141 1519 2215 argentique
1528 2147 1715 2215 contemptor
1728 2143 1798 2214 luit,
1813 2149 1846 2201 ut

134 2233 183 2301 tis,
200 2234 235 2289 nd
251 2249 325 2305 opus
341 2230 460 2287 solitum
478 2229 571 2301 primo
588 2242 674 2282 mana
690 2226 836 2297 pergebat.
1012 2233 1190 2301 praeceptum
1205 2228 1320 2286 Domini
1345 2229 1495 2288 videretur
1520 2230 1669 2304 implesse.
1686 2233 1848 2291 Referebat

168 2327 283 2380 Interea
307 2321 378 2377 dum
406 2335 505 2375 eorum
523 2322 601 2373 esset
617 2317 676 2371 hnc
697 2315 765 2381 vita,
781 2310 899 2368 excluse
920 2310 956 2367 ab
1011 2330 1080 2388 argo
1097 2316 1169 2371 mihi
1190 2316 1366 2375 venerabilis
1387 2319 1452 2390 ipsa
1471 2318 1607 2388 Melania,
1623 2319 1694 2391 quia
1710 2321 1845 2391 prolecto

131 2402 956 2485 utroquepenitusomnicorporalieillaoebrspassionis¹,
1012 2405 1846 2482 deurbeltome,lllexaudriemprimumluissetingressa.

131 2501 262 2558 orations
276 2500 371 2557 sancti
387 2498 415 2553 id
431 2497 508 2569 quod
526 2495 685 2567 aliquando
699 2493 867 2565 cupiebant,
879 2491 955 2547 obti-
1012 2494 1144 2567 Cumque
1155 2494 1249 2551 multa
1260 2495 1395 2568 deipsius
1405 2496 1459 2551 viri
1471 2495 1630 2553 virtutibus
1640 2497 1751 2554 lsidoro
1761 2512 1844 2570 pres·

131 2607 200 2648 nare
211 2593 370 2662 coeperunt.
383 2586 514 2642 Aitenim
524 2585 619 2641 eidem
632 2583 668 2639 ad
681 2587 861 2654 postremum
871 2581 957 2636 beato
1012 2583 1112 2656 bytero
1126 2590 1155 2639 et
1172 2585 1349 2642 xenodocho
1373 2585 1516 2642 relerenta
1537 2587 1736 2657 cognovisset,
1748 2592 1780 2643 et
1793 2603 1843 2644 eo·

130 2680 181 2736 ille
193 2677 343 2744 :Domine
355 2676 464 2747 inquit,
474 2662 525 2743 mi,
537 2673 629 2728 babeo
641 2672 718 2744 quod
730 2672 825 2726 dicam
839 2670 884 2738 ;in
898 2685 955 2741 quo
1011 2673 1077 2729 dem
1093 2675 1167 2730 duce
1183 2675 1218 2730 sd
1230 2690 1296 2731 eum
1305 2674 1335 2731 in
1347 2675 1536 2732 solitudinem
1550 2674 1744 2749 pervenisset,
1755 2676 1844 2731 obtu-

132 2769 156 2824 si
174 2785 217 2825 mc
228 2765 367 2834 audieris,
382 2762 634 2837 probabiturmibi
646 2761 722 2833 quod
735 2760 954 2816 sesecundum
1009 2762 1080 2819 lissa
1101 2780 1132 2819 se
1152 2762 1195 2819 illi
1218 2768 1363 2820 trecentos
1384 2765 1499 2838 argenti
1523 2764 1625 2833 libres,
1642 2780 1676 2820 ec
1691 2768 1843 2835 precatum

133 2858 224 2914 Deum
241 2855 349 2928 diligis.
362 2855 502 2910 Hortatur
513 2851 561 2907 illa
576 2855 608 2907 ut
623 2850 700 2922 quod
717 2849 742 2905 ei
757 2848 884 2922 placeret
894 2847 954 2902 adi·
1011 2853 1101 2910 luisse
1118 2860 1150 2910 ut
1164 2853 1275 2927 aliquid
1291 2872 1325 2911 ex
1341 2857 1405 2927 ejus
1421 2857 1509 2912 rebus
1524 2856 1680 2928 acciperet,
1700 2855 1757 2922 Qui
1773 2870 1841 2910 oum

134 2951 220 3004 cerel.
237 2950 274 3001 At
297 2944 366 3000 illa:
389 2944 508 3001 Jtttltttn
526 2941 598 2996 mihi
624 2939 689 3004 hot.
706 2938 813 3011 inquil,
829 2938 952 3003 videtur.
1012 2944 1137 3013 sederet,
1153 2944 1261 3016 inquit,
1277 2949 1306 3000 ot
1328 2944 1426 3001 vimen
1452 2944 1602 3014 intexeret,
1620 2943 1684 3001 sola
1708 2959 1758 3001 ms
1772 2959 1843 3001 voce

131 3036 272 3108 cumipse
283 3035 325 3090 sis
336 3050 423 3090 sexus
434 3029 783 3102 virilis,atjustltieetotus
793 3027 952 3096 inservins;
1008 3031 1158 3088 benedixit
1172 3036 1201 3088 ct
1216 3032 1275 3088 sit:
1292 3033 1346 3090 Det
1361 3033 1415 3090 tibi
1436 3033 1601 3090 mercedem
1620 3031 1710 3088 Dans.
1728 3031 1842 3088 Deinde

131 3141 260 3197 cumque
273 3140 327 3196 ago
343 3138 459 3195 quoque
470 3120 611 3193 propositi
628 3119 670 3174 tui
685 3116 806 3173 emulus
820 3116 908 3184 vium,
922 3120 953 3171 ut
1009 3120 1080 3177 dicit
1094 3137 1245 3178 oeconomo
1261 3140 1332 3179 suo:
1349 3122 1472 3195 Suscipa
1496 3127 1592 3193 caute,
1608 3126 1637 3178 et
1661 3122 1762 3178 divide
1787 3136 1841 3194 per

129 3215 254 3272 diversis
269 3214 305 3270 ad
324 3211 482 3268 multorum
501 3208 723 3266 edificationem
746 3206 952 3262 mansionibus
967 3188 988 3254 C
1008 3211 1176 3283 omnesqui
1194 3215 1265 3267 sunt
1278 3212 1378 3268 tamin
1396 3213 1496 3286 Lybie,
1508 3229 1597 3285 quem
1614 3212 1644 3267 in
1659 3210 1772 3268 insulis
1784 3210 1844 3266 lra-

130 3320 314 3375 geparemur.
336 3299 546 3357 lnconvenienc
561 3298 639 3353 enim
655 3301 743 3368 atque
758 3296 955 3367 incongruum
1010 3299 1149 3356 tres:baeo
1162 3300 1241 3356 onim
1253 3301 1435 3359 monasteria
1445 3299 1844 3374 pluavidenturegerequam

129 3403 199 3467 puto
215 3401 331 3465 propter
345 3407 392 3446 me
405 3393 518 3445 tantem
536 3388 566 3443 in
577 3386 691 3443 occulto
705 3390 732 3440 te
747 3384 853 3439 babere
865 3383 956 3440 virto-
1009 3394 1130 3460 ecetera3
1147 3388 1202 3445 hoc
1227 3406 1344 3462 qnoque
1359 3390 1386 3446 ei
1406 3389 1591 3463 precipiens,
1609 3405 1645 3445 ne
1668 3389 1740 3462 quid
1758 3406 1793 3445 ex
1808 3403 1842 3446 ea

130 3487 202 3552 tem,
225 3496 277 3537 neo
293 3480 347 3536 ulti
367 3496 432 3536 esee
447 3477 596 3550 cognitum
614 3475 691 3547 qnod
706 3474 736 3529 in
753 3473 806 3529 bac
821 3472 955 3528 castitate
1010 3478 1134 3550 pecunia
1148 3478 1185 3534 iis
1196 3479 1246 3551 qui
1262 3480 1292 3534 in
1307 3479 1429 3553 AEgyptu
1449 3479 1560 3551 degunt
1575 3480 1668 3547 deret,
1685 3481 1841 3551 propterea

129 3577 216 3643 alque
230 3569 370 3643 l2¹¹di⁰stifl
382 3568 497 3625 θθῐῦῑῦῑ
509 3582 608 3623 3ωοΡο
618 3565 708 3621 Simul
720 3563 846 3619 livimtffl
857 3567 885 3617 θῑ
896 3578 955 3616 ma·
1009 3568 1086 3640 quod
1104 3568 1237 3639 regiones
1248 3567 1314 3625 illas
1329 3567 1479 3625 alimentis
1491 3568 1580 3626 sciret
1595 3568 1727 3640 amplius
1746 3568 1842 3624 abun·

129 3677 243 3718 namus.
254 3659 305 3717 Cui
316 3658 365 3715 ille
376 3657 486 3731 gratias
497 3672 598 3729 agens,
611 3661 762 3726 Deumque
772 3651 954 3724 glorificans,
1009 3660 1088 3714 dare·
1102 3658 1173 3714 Cum
1195 3663 1292 3714 autem
1310 3665 1472 3716 memorata
1498 3659 1617 3730 lemine,
1634 3658 1712 3714 sicut
1739 3655 1844 3714 retulit

130 3751 171 3807 ita
186 3749 354 3822 respondit:
368 3753 444 3804 Bene
457 3746 511 3802 tibi
528 3744 647 3818 placuit,
664 3744 703 3799 mi
719 3742 838 3798 domine
853 3757 952 3809 soror;
1010 3746 1094 3813 mihi,
1111 3751 1211 3815 staret,
1227 3752 1255 3803 et
1270 3748 1503 3805 benedictionem
1515 3765 1566 3820 pm
1578 3763 1701 3804 muner-0
1715 3746 1785 3803 dato
1801 3762 1846 3803 εχ.

128 3841 203 3898 habe
219 3840 309 3913 igilur
333 3839 407 3894 hano
421 3838 514 3910 ipsam
540 3834 655 3900 cellam,
672 3849 724 3905 880
747 3837 843 3888 tutem
865 3830 953 3885 tiliam
1009 3840 1156 3909 spectaret
1171 3841 1221 3893 aut
1237 3835 1355 3894 laudam
1372 3836 1504 3910 nihilque
1519 3837 1555 3894 ab
1570 3854 1604 3894 eo
1620 3835 1749 3905 audiret,
1765 3835 1840 3891 ulta-

129 3932 202 3988 mibi
218 3932 312 3987 locere
328 3929 456 3985 tentabo.
468 3928 670 3999 Egressusque
682 3924 718 3979 eb
733 3938 778 3989 ea,
796 3937 863 3976 mox
878 3921 954 3975 inte·
1009 3925 1071 3981 rius
1087 3924 1128 3982 eit
1140 3925 1175 3981 nd
1192 3924 1276 3981 illum
1290 3943 1296 3982 :
1312 3926 1403 3992 Scito,
1419 3926 1548 3994 domine,
1565 3928 1714 3981 trecentas
1725 3938 1792 3982 essa
1808 3924 1840 3981 iu

129 4022 207 4077 riorn
232 4019 297 4077 loca
320 4018 419 4074 Nitriae
445 4013 607 4089 penetravit
621 4014 684 4084 (nec
704 4012 774 4068 dum
790 4012 868 4067 enim
884 4015 953 4064 tunc
1009 4015 1064 4072 hac
1077 4015 1243 4087 argentaria
1258 4014 1359 4072 libras.
1376 4015 1430 4083 Qui
1446 4016 1553 4072 iterum
1568 4031 1621 4071 nec
1636 4030 1759 4071 sursum
1775 4013 1840 4086 qui.

130 4108 378 4165 monasteriorum
393 4105 454 4161 illic
470 4101 741 4171 lueretmultitudo)
758 4099 882 4173 lecitque
898 4096 955 4152 sibi
1008 4104 1073 4160 dem
1089 4120 1209 4176 prorsus
1220 4102 1428 4175 aspiciena‚ita
1438 4102 1667 4177 responditzcut
1677 4100 1841 4159 exhibuisti

127 4192 741 4264 ducrumvoluminacellularum,atqueita
758 4188 954 4245 insolitudina
1008 4192 1080 4261 hnc,
1096 4208 1112 4248 o
1128 4190 1200 4264 lllia,
1211 4208 1268 4248 non
1284 4210 1358 4266 opus
1374 4192 1532 4249 babetate
1544 4208 1715 4248 mansuram
1732 4205 1841 4263 cogno-

127 4287 230 4360 viginti
246 4285 312 4342 aliis
328 4285 413 4341 annis
433 4301 466 4340 ac
483 4284 597 4340 duobus
613 4280 780 4348 transactis,
796 4280 954 4357 defunctus
1008 4298 1099 4348 scere,
1110 4299 1178 4337 nem
1191 4281 1241 4354 qui
1254 4288 1368 4338 montes
1380 4282 1463 4339 lance
1475 4281 1608 4355 pensuvit
1619 4279 1712 4354 (isaie
1723 4296 1770 4348 xc,
1784 4278 1842 4350 12),

128 4380 192 4444 est;
209 4376 267 4431 imo
285 4375 378 4447 magis
389 4390 491 4430 somno
506 4373 625 4444 quievit,
637 4387 704 4427 curn
720 4368 954 4441 sexagintnduos
1009 4370 1101 4427 multo
1116 4371 1191 4427 w
1209 4371 1338 4444 emplius
1356 4371 1435 4428 norit
1451 4381 1594 4444 quantum
1611 4371 1650 4426 sit
1664 4369 1757 4441 hujus
1770 4383 1842 4441 pon-

128 4465 220 4520 etalia
232 4481 292 4520 suae
304 4480 398 4520 annos
411 4461 533 4518 linisset.
543 4467 597 4518 Per
609 4458 742 4532 singulos
752 4463 851 4514 teman
861 4473 953 4512 annos
1007 4461 1064 4517 dus
1079 4459 1201 4532 argenti.
1216 4464 1249 4514 st
1260 4461 1283 4516 si
1301 4461 1419 4533 quidem
1433 4460 1505 4517 mihi
1519 4460 1597 4517 istud
1612 4459 1745 4528 offerres,
1757 4472 1841 4515 eom·

128 4554 258 4612 secundo
275 4569 392 4626 semper
414 4552 533 4609 videbat
556 4553 671 4607 beatam
693 4549 774 4605 illam
798 4547 953 4618 conjugem
968 4566 992 4631 D
1009 4548 1206 4622 petenterboo
1217 4548 1329 4605 diceres
1342 4567 1349 4620 3
1364 4566 1433 4606 cum
1445 4555 1543 4606 autem
1562 4565 1618 4606 non
1630 4546 1715 4614 mibi,
1728 4546 1782 4602 sed
1795 4543 1841 4601 illl

129 4658 226 4699 suem.
1010 4642 1078 4707 Deo,
1094 4654 1182 4710 quem
1197 4654 1255 4694 non
1272 4639 1431 4711 sprevisse,
1448 4640 1506 4694 imo
1531 4636 1660 4710 emplius
1675 4635 1842 4692 bonorsssa

163 4724 956 4788 DehocilludmiraculumsanctusAthnnasiusAlcxan-
1009 4728 1084 4784 duos
1098 4726 1164 4784 illos
1176 4744 1314 4784 nummos
1328 4728 1500 4800 agnovimus
1514 4727 1608 4799 (llarc.
1627 4742 1678 4795 ιιι,
1690 4723 1748 4797 42),
1764 4727 1842 4795 tace,

128 4822 232 4878 drinns
245 4821 402 4894 episcopus
416 4819 524 4884 retulit,
536 4821 566 4874 iu
581 4835 614 4875 eo
630 4831 716 4890 opera
728 4832 785 4888 quo
800 4815 890 4869 vitem
905 4813 954 4868 de·
1009 4817 1138 4889 quiesce.

127 4910 467 4985 scripsitAntonii,quod
479 4907 852 4979 cumuliquandounacum
862 4902 955 4958 Theo·
1045 4907 1092 4963 Sic
1106 4911 1204 4963 eutem
1220 4906 1379 4963 Dominum
1400 4906 1551 4963 ordinasse
1572 4903 1700 4974 dicebxt,
1717 4904 1750 4958 ut
1775 4903 1844 4975 post

128 5002 199 5058 doro
216 5001 360 5074 discipulo
372 5016 425 5056 suo
443 5004 548 5072 Lycum
563 4997 680 5054 nomine
695 4995 817 5051 lluvium
834 4991 955 5064 cupiens
1009 4993 1162 5068 paululum
1185 4999 1314 5067 tempus,
1330 4998 1521 5068 posteaquam
1545 4994 1579 5050 ad
1604 4993 1704 5066 ipsum
1720 4992 1843 5048 venerat

129 5091 332 5160 transfretare,
344 5088 590 5146 erubesceretstbt
601 5082 955 5142 vestimentumdatrabe·
1010 5087 1151 5151 moutam,
1164 5083 1214 5139 Dei
1227 5099 1327 5140 servus
1341 5083 1389 5141 ille
1401 5085 1595 5156 requiesceret
1608 5102 1615 5152 ;
1627 5081 1677 5155 qui
1688 5096 1747 5137 non
1757 5078 1844 5153 egri·

130 5195 211 5248 re,ne
220 5182 331 5235 nudum
340 5195 473 5252 unquam
482 5193 570 5234 suum
581 5192 688 5247 corpus
697 5170 955 5245 ospiceret,subito
1011 5172 1185 5238 tudinenon
1199 5172 1385 5245 lebrenlique
1395 5172 1652 5246 latigatueast,sed
1665 5167 1842 5243 sportellam

129 5265 193 5323 sine
211 5269 275 5323 novi
285 5269 313 5323 in
323 5268 444 5325 alteram
457 5265 586 5324 lluminis
595 5268 707 5339 perlem
719 5261 822 5334 angelo
833 5260 955 5316 vehente
1009 5262 1177 5320 consuendo
1189 5262 1519 5335 septuagesimaeaetatis
1529 5278 1589 5319 sue
1600 5277 1677 5317 anno
1689 5258 1806 5332 quievit
1815 5257 1845 5314 ln

128 5353 293 5411 translatus
310 5362 364 5412 est.
387 5359 444 5413 lste
464 5356 556 5429 igitur
575 5361 697 5411 Ammon
718 5352 759 5406 ite
780 5350 852 5406 vixit
867 5355 955 5422 etque
1009 5368 1090 5425 pace.
1104 5354 1177 5408 Ante
1192 5352 1296 5408 horem
1311 5367 1379 5408 vero
1395 5369 1453 5423 qua
1468 5350 1621 5409 deseculo
1636 5349 1737 5406 exieus
1754 5347 1846 5423 spiri·

129 5443 213 5510 obiit,
230 5450 261 5499 ot
275 5445 368 5516 ipsius
383 5446 511 5502 animam
532 5448 652 5500 sanctus
675 5441 786 5499 videret
800 5439 953 5510 Antonius,
1009 5445 1072 5497 tum
1085 5457 1172 5497 suum
1189 5446 1248 5497 Deo
1260 5442 1493 5509 commendarat,
1509 5438 1625 5497 vocavit
1636 5453 1694 5505 me,
1706 5440 1734 5495 el
1748 5436 1848 5511 inpo-

128 5548 197 5590 cum
209 5532 497 5606 abongelislerretur
508 5535 543 5590 ad
555 5533 671 5590 coelum.
684 5530 876 5588 ltlemoratum
887 5545 954 5585 vero
1010 5535 1121 5587 strama
1137 5532 1392 5587 consummatione
1409 5531 1455 5587 sui
1466 5530 1564 5604 operis
1579 5528 1767 5586 confidenter
1783 5527 1826 5584 xit

164 5660 173 5695 ¹
191 5658 283 5717 Caute
297 5657 361 5730 lege
375 5662 477 5715 contra
490 5656 740 5731 impassibilitatis
755 5659 915 5713 assertores
1046 5656 1056 5690 ¹
1071 5655 1124 5712 Hic
1139 5659 1197 5713 Hor
1210 5656 1267 5713 tuit
1282 5655 1458 5732 Origeuiste.
