3960 6240
140 197 195 255 587
565 192 739 251 unumne
755 192 804 250 AD
823 191 997 260 QUOSDAH
1013 191 1286 253 PBAEOEDBNTBS
1302 192 1431 253 ΤΟΙΟΕ.
1799 192 1858 257 ffl

142 322 290 383 sarmatia
303 321 392 397 uulgo
405 316 515 379 adduci
527 314 624 376 solent
633 316 915 390 argumentis,quusi
926 315 969 373 ni·
981 318 1010 387 Α
1024 316 1168 385 obtrudit;
1177 332 1303 392 eamque
1315 334 1351 377 er
1363 317 1592 378 sacramentarii
1607 321 1644 379 de
1656 336 1717 398 qao
1733 320 1854 398 mua

148 413 192 471 hil
206 412 263 486 ipsi
275 426 309 467 ex
321 410 376 468 hoa
387 405 653 483 capitatimendum
664 408 751 475 esset,
764 404 795 462 in
807 405 877 464 elea
886 405 972 480 pleno
1025 405 1121 464 serbis
1134 405 1243 465 ibidem
1257 407 1294 465 ab
1304 406 1368 482 ipso
1377 407 1475 466 allatis
1485 411 1610 469 Romam
1620 410 1857 487 missarumque

148 517 236 577 opero
250 514 371 557 securus
386 494 496 554 incedit
508 511 561 570 per
574 495 657 568 ignes
673 495 843 569 suppositos
871 495 973 553 doloso
1025 496 1732 575 omninoincontroversampronuntiatliamego
1742 501 1857 560 disser-

144 590 245 649 uineri.
261 589 391 646 Primum
408 590 506 642 autem
533 584 667 642 omnium
691 601 727 641 er
741 585 805 659 ipso
834 584 973 643 Gothico·
1025 585 1678 661 tationemcumlegercmmhiappetenteJam
1690 589 1858 663 ipsiusline

148 677 306 752 Hispanico
322 693 339 733 a
353 692 385 733 se
399 675 478 732 edito
493 673 659 730 orationum
675 673 783 743 codice,
803 690 871 731 moa
881 691 915 731 aa
928 690 973 732 re·
1026 674 1119 731 ultum
1134 674 1164 731 ia
1180 691 1214 732 ea
1229 674 1265 733 dc
1281 675 1428 734 Laurentii
1439 677 1621 749 patriasileri
1633 679 1857 752 comperiens-

145 773 207 826 tere
221 765 362 824 Vaticano
377 764 435 821 alio
450 764 480 819 in
491 761 734 834 quoLaureatius
746 779 820 820 crtus
830 764 973 822 Ronanus
1026 763 1146 837 quibam
1158 765 1384 822 enimverosatia
1394 766 1495 822 mirari
1506 782 1567 824 rem
1582 767 1607 823 si
1618 767 1660 824 sic
1671 767 1776 837 abiret,
1788 785 1856 827 cum

146 857 265 926 dicitur,
277 857 417 929 praterea
427 869 462 910 ex
472 853 580 926 hymno
590 852 745 909 Prudentii
756 869 844 926 quem
857 853 892 911 de
902 859 974 911 Lau·
1025 852 1141 910 irruens
1157 870 1190 909 er
1207 853 1353 926 insperato
1368 858 1495 911 Acamas
1519 855 1602 929 (quid
1615 857 1695 914 enim
1710 873 1856 933 suprema

144 946 233 1004 rentii
247 943 385 1018 passione
396 940 589 1015 nutriumpho
598 941 972 1016 elegantissimumpunxit‚
1024 942 1160 998 Ecclesia
1176 944 1335 1001 auctoritas
1349 961 1415 1000 cum
1427 944 1521 1017 patria
1533 946 1684 1003 Laurentii
1696 963 1856 1006 commune

140 1051 174 1094 ac
185 1035 303 1092 demum
313 1050 349 1091 ex
359 1032 418 1089 illie
430 1030 607 1088 Veronensis
617 1031 846 1089 Sacramentarii
863 1033 970 1102 verbis,
1026 1030 1115 1088 habet
1125 1031 1149 1103 i)
1160 1033 1318 1105 postremis
1328 1033 1544 1091 dissertationis
1555 1035 1664 1105 verbis,
1674 1035 1855 1095 Veronensis

140 1140 204 1198 qua
220 1140 314 1197 nuper
327 1120 549 1194 descripsimus,
563 1120 747 1178 universum
764 1119 973 1194 disputationis
1026 1120 1250 1179 sacramentarii
1266 1122 1523 1191 contestationem,
1535 1140 1699 1198 novamque
1714 1126 1751 1183 de
1775 1127 1852 1184 Lea-

139 1213 291 1287 negotium
305 1210 472 1269 coniectum
487 1208 661 1281 arbitratus,
682 1209 714 1266 in
726 1210 788 1266 haec
802 1211 890 1268 verba
904 1226 972 1268 sen·
1026 1209 1112 1267 rentii
1127 1211 1223 1283 patria
1237 1211 1424 1280 seutentiam,
1437 1210 1538 1269 lectori
1551 1211 1701 1287 nihilium
1717 1214 1778 1273 tale
1792 1231 1853 1273 me-

137 1303 261 1361 tentium
273 1299 444 1374 pronuntiat
455 1298 494 1372 (a)
505 1315 515 1355 :
525 1297 639 1355 Siniiit
653 1298 734 1356 atiud
746 1299 972 1357 decicitatesan·
1024 1299 1119 1357 tucnti
1135 1300 1252 1373 regerit.
1268 1301 1352 1374 AEgre
1367 1300 1489 1372 scilicet,
1506 1301 1549 1358 uti
1560 1317 1613 1375 ego
1624 1302 1773 1375 existimo,
1784 1304 1854 1363 iere·

140 1391 178 1450 cti
192 1391 337 1449 Laurentii
359 1389 495 1458 dicerem,
517 1387 591 1444 dicto
615 1403 701 1445 causa
723 1393 803 1445 esset.
827 1390 972 1460 Quomodo
1025 1389 1077 1446 but
1090 1391 1228 1460 Acamas,
1244 1388 1269 1447 si
1285 1390 1416 1447 indictus
1439 1390 1533 1448 abiret
1547 1391 1623 1449 inea
1647 1392 1853 1452 dissertatione

140 1482 216 1539 enim
229 1480 302 1538 tanti
316 1480 456 1553 pontificis
471 1477 619 1552 (sanctum
631 1478 752 1534 Leonem
771 1481 909 1551 Magnum
925 1478 970 1535 in·
1025 1479 1209 1549 Laurentius,
1223 1479 1501 1538 oblutamsibinovrs
1522 1480 1638 1538 theseos
1659 1486 1853 1556 propaganda

142 1570 259 1645 telligit,
273 1586 333 1644 qua
347 1570 382 1626 de
398 1584 429 1626 re
439 1583 493 1626 nos
509 1566 633 1624 interius
644 1565 837 1640 disseremus)
852 1569 971 1625 testimo·
1025 1568 1210 1626 occasionem
1226 1569 1422 1644 nequicquam
1435 1587 1450 1628 e
1465 1570 1604 1628 manibus
1614 1570 1708 1643 elabi}
1720 1589 1790 1630 cum
1804 1592 1854 1631 aa·

145 1662 226 1718 nium
240 1661 383 1733 infirmari
396 1656 503 1733 potest?
983 1690 1008 1757 Β
1024 1660 1083 1714 tem
1096 1657 1193 1715 lorsan
1204 1658 1385 1732 imprudenti
1396 1659 1564 1734 scriptionis
1586 1660 1669 1718 iilum
1680 1662 1853 1736 praecissum

1028 1748 1855 1829 iuisset,muluithomolepidusutcunqueassutamoperi

179 1795 265 1853 ¹²⁸¹ss
279 1809 365 1870 p⁰sr⁰
379 1791 525 1865 triumphi
541 1791 670 1865 imm
682 1789 824 1848 “linium
839 1791 976 1849 3¹⁸⁰⁰hi'
1028 1855 1083 1896 suo
1095 1839 1232 1896 laciniam
1247 1840 1412 1912 adnectere,
1428 1858 1518 1915 quam
1534 1858 1600 1899 eam
1625 1843 1770 1903 damnoso
1785 1862 1855 1904 sane

142 1899 212 1955 nus,
221 1885 360 1941 advocata
370 1888 489 1939 senatus
501 1879 665 1954 populique
680 1880 817 1950 Romani,
828 1881 974 1939 imoenim

142 1971 219 2030 sacri
234 1971 350 2045 collegii
365 1968 520 2044 apostolici
536 1972 657 2025 Patrum
669 1969 821 2039 concione,
832 1987 975 2042 quernam

143 2061 200 2119 sibi
216 2077 296 2119 more
311 2061 459 2132 malorum
475 2057 592 2115 decerni
610 2057 751 2131 postulat,
766 2060 844 2131 quod
864 2059 975 2132 iniquis

142 2149 352 2209 historicorum
364 2147 544 2222 prejudiciis
560 2145 744 2204 exsulantem
755 2147 921 2205 Romanurn
935 2167 974 2206 er-

141 2235 973 2311 remillustrissimum,uausomniumlongosucularum
1049 2282 1083 2296 ..

141 2330 325 2405 postliminio
346 2329 445 2403 patria
469 2327 661 2386 vindicaverit
689 2328 910 2402 restitueritqua
925 2330 972 2403 (bl.

142 2423 315 2494 Temperare
325 2419 439 2477 seilicet
453 2418 510 2475 sibi
526 2417 640 2491 nequit,
657 2418 812 2475 modestus
828 2420 975 2491 prudeus·

143 2528 200 2586 que
215 2512 392 2587 ceteroquin
409 2510 465 2583 vir,
481 2509 552 2583 quin
575 2526 633 2583 pra
649 2509 878 2583 supereffluente
902 2527 973 2585 gau·

143 2602 192 2661 dio
207 2620 289 2662 more
303 2600 442 2660 torrentis
458 2600 596 2671 exundet,
613 2597 834 2673 adhibitumque
848 2617 881 2657 ac
896 2618 974 2657 com·

1028 1927 1145 1985 silentio
1155 1928 1353 1988 dissimulare.

1062 2018 1121 2075 Nee
1136 2019 1244 2093 magis,
1259 2020 1441 2090 utarbitror,
1457 2022 1493 2078 ud
1509 2022 1653 2080 Merenda
1670 2039 1734 2081 rem
1750 2026 1855 2083 attins

1027 2106 1088 2177 bat,
1101 2106 1172 2162 dum
1184 2107 1219 2164 de
1229 2108 1346 2165 Damasi
1358 2109 1508 2182 opusculis
1523 2110 1673 2184 gestisque
1683 2128 1849 2170 sermonem

1026 2193 1158 2252 instituit
1172 2195 1216 2268 (f),
1234 2196 1379 2255 Laurentii
1395 2199 1520 2272 patriam
1537 2199 1618 2273 operi
1632 2217 1686 2258 suo
1712 2200 1854 2275 inserere,

1027 2300 1086 2341 arar
1100 2299 1152 2357 per
1166 2285 1349 2343 occasionem
1365 2293 1496 2344 veterum
1507 2288 1854 2362 sanetipontiiieishcto·

1027 2390 1092 2431 rum
1106 2372 1145 2446 (q)
1160 2372 1190 2428 in
1206 2373 1415 2447 quibuseadem
1430 2379 1855 2453 actuurmsiuepatriaqenitus

1026 2461 1134 2519 dicitur
1150 2480 1157 2533 ;
1173 2479 1207 2521 eo
1222 2468 1322 2521 tumen
1337 2464 1412 2537 lece,
1425 2465 1476 2540 qui
1496 2468 1634 2540 proprius
1650 2474 1715 2527 erat
1735 2471 1773 2527 de
1801 2471 1855 2529 hec

1026 2557 1199 2625 argumento
1214 2553 1389 2627 disserendi,
1403 2555 1478 2612 nihii
1493 2557 1686 2629 pronuntiare
1693 2574 1787 2616 ausus
1803 2560 1854 2635 (tl,

1025 2640 1150 2698 dubitari
1165 2645 1283 2699 tantum
1298 2659 1375 2716 posse
1390 2644 1532 2715 aillrmat,
1547 2662 1584 2703 an
1599 2648 1658 2719 ipse
1675 2647 1764 2705 etium
1778 2653 1851 2706 Lau·

143 2711 277 2773 pressam
292 2690 344 2750 diu
359 2687 600 2746 animolatitiam
615 2703 649 2746 ee
660 2702 779 2760 quoquc
789 2687 972 2763 nobisurga·

144 2793 244 2850 mento
259 2784 375 2862 produ,o
1024 2729 1131 2788 rentius
1144 2731 1238 2790 Romae
1251 2735 1328 2789 ortus
1337 2734 1438 2803 fuerim
1456 2750 1523 2792 cum
1540 2735 1570 2792 in
1597 2751 1738 2808 processa
1753 2739 1851 2812 operis

1024 2821 1080 2877 sub
1093 2818 1251 2895 epigraphe
1266 2822 1301 2878 de
1314 2824 1427 2881 Damasi
1443 2823 1641 2898 lubricisque
1654 2842 1725 2883 sans
1735 2827 1851 2886 diversa

177 2920 327 2992 Triuiam
343 2914 399 2973 sub
415 2911 570 2985 hacegide
586 2911 729 2969 nonnulla
744 2911 803 2970 alia
821 2914 971 2986 conlectu-
1024 2909 1160 2968 tractatio
1177 2915 1230 2979 est,
1247 2911 1397 2969 Laurentii
1422 2913 1547 2985 patriam
1577 2913 1730 2987 aliquanto
1755 2917 1850 2975 insius

142 3011 212 3071 ralis
227 3006 344 3085 generis
352 3004 537 3076 argumenta,
546 2999 807 3072 quibushaetenus
815 3002 970 3062 nehiscere
985 3043 1007 3112 G
1025 3007 1409 3074 persequatur‚causamque
1421 3018 1474 3074 pro
1484 3002 1624 3061 Romanis
1634 3003 1851 3080 dietam,utqde

145 3101 265 3175 quidem
282 3098 382 3154 datum
399 3092 504 3158 iuerat,
519 3105 624 3163 capere
639 3089 774 3163 ingentes
786 3091 912 3164 animes,
928 3094 970 3150 er.
1029 3092 1129 3162 aperto
1143 3088 1238 3146 saneti
1253 3089 1358 3147 Leonis
1371 3090 1470 3164 Magni
1486 3091 1656 3150 testimonio
1671 3093 1852 3153 demonstra·

141 3192 224 3249 terre
234 3202 310 3254 sese,
326 3187 414 3254 atque
429 3179 456 3238 ei
472 3177 623 3236 saumatis
647 3194 711 3251 qua
732 3179 873 3253 Hispanis
897 3181 976 3240 iavet
1027 3183 1089 3236 tam
1104 3193 1234 3236 asserere
1250 3178 1325 3235 nihil
1338 3179 1492 3253 dubitetli}
1502 3199 1510 3252 ;
1521 3178 1591 3253 quia
1601 3181 1691 3239 etiem
1706 3185 1852 3257 conjectu.

146 3278 243 3353 palam
258 3275 410 3332 occentare
425 3267 523 3326 audet.
539 3267 596 3324 Nec
618 3266 794 3340 scriptorum
811 3268 974 3329 Blanchino
1027 3284 1089 3324 ram
1107 3268 1143 3324 de
1158 3284 1212 3324 suo
1227 3268 1462 3340 adjiciturque,
1479 3269 1504 3326 si
1513 3269 1573 3327 Deo
1584 3269 1690 3344 placet,
1704 3272 1852 3332 evidenter

145 3369 220 3427 duae
234 3362 426 3423 demissiores
440 3360 512 3414 sunt
526 3355 809 3427 animi‚eutiortuna
820 3357 973 3418 dissimilis
1027 3356 1218 3428 consequitur
1231 3357 1264 3429 (ι’)
1279 3357 1470 3415 Laurentium
1483 3376 1539 3417 aon
1552 3376 1637 3418 secus
1649 3376 1684 3418 ac
1695 3361 1793 3435 scipio
1803 3367 1852 3422 ant

145 3443 973 3522 ComesJacobuaAcumuaquem,utalibiostendemuslc).
1026 3446 1134 3504 Laelius
1158 3446 1235 3503 inter
1261 3450 1409 3505 Romanos
1431 3447 1506 3506 ciues
1532 3450 1759 3508 recensendum.
1783 3453 1852 3526 lijue

145 3538 405 3605 vehementissima
419 3534 549 3607 suspicio
563 3538 618 3604 est,
633 3533 975 3597 nonsineblanchiniai·
1024 3533 1205 3610 ἀναρμοστίας
1221 3552 1352 3606 causam,
1368 3539 1436 3610 quia
1447 3555 1502 3596 nos
1517 3538 1588 3595 aiibi
1603 3541 1639 3596 de
1662 3544 1792 3599 Damaso
1806 3541 1851 3599 lo·

136 3636 219 3694 'itata
236 3626 472 3689 dissertationem
485 3622 640 3696 scripsisse
651 3623 687 3679 de
702 3623 876 3698 antiquitate
886 3631 974 3685 stau·
1025 3633 1148 3699 quantes
1163 3626 1358 3684 indicavimus
1373 3629 1422 3698 (tr),
1438 3627 1493 3684 hoc
1516 3627 1579 3685 loco
1603 3629 1728 3686 missam
1757 3629 1852 3690 iacere

146 3727 226 3783 ctare
237 3713 464 3780 sacramentarii
473 3712 651 3771 Veronensis
660 3711 710 3785 (d),
723 3712 754 3769 in
765 3711 829 3787 ipso
839 3715 972 3788 ejusdem
1024 3715 1145 3790 placuit.

145 3810 330 3873 absolvendas
341 3804 467 3866 articulo
480 3804 535 3862 sub
547 3801 724 3876 epigraphe:
736 3803 774 3859 De
783 3820 914 3877 suprema
924 3808 972 3865 lie.

143 3904 240 3963 eteris
255 3902 388 3959 ltomaaae
400 3895 566 3952 auctoritate
580 3890 704 3963 aliisque
715 3890 752 3947 ad
761 3896 974 3966 ramspeetanti·

143 3986 399 4066 tusis),Laurentii
410 3982 537 4058 patriam
545 3979 970 4053 importunissimelegentibas

188 4099 216 4168 a)
232 4100 301 4168 Peg.
314 4093 379 4162 293,
395 4089 451 4146 aab
462 4085 592 4144 initium.

176 4098 216 4242 ii)
241 4171 297 4239 Duo
324 4174 513 4236 numquamne
537 4171 706 4241 reponam).
719 4155 768 4227 ile,
783 4172 837 4227 me,
855 4159 971 4218 adsum?

139 4243 174 4297 itt
187 4243 318 4310 queniam
332 4237 360 4293 S.
371 4236 402 4289 P.
419 4234 450 4302 Q.
473 4235 507 4289 a.
519 4229 628 4287 decreto
649 4244 718 4284 mare
737 4228 876 4286 Romanus
896 4249 968 4301 sum,

138 4310 321 4367 Laurentium
336 4308 489 4364 Romanum
516 4303 602 4373 luisse
631 4299 703 4366 cliro,
732 4299 851 4373 vindico,
877 4310 969 4376 repeto

138 4390 221 4455 atque
235 4377 365 4448 confimo
379 4376 414 4432 ad
438 4373 559 4441 eiusdem
581 4370 679 4443 populi
704 4372 822 4429 Romani
844 4374 969 4444 aleriam

1059 3804 1249 3863 Clarissimus
1263 3810 1402 3880 praterea
1416 3808 1564 3864 hamanus
1573 3823 1664 3881 eques
1673 3808 1850 3868 Franciscus

1023 3894 1171 3953 Victorius
1185 3895 1275 3968 (qued
1292 3896 1364 3953 mihi
1379 3896 1514 3954 absoluta
1532 3896 1587 3954 hac
1598 3896 1850 3958 lucubrationem

1022 3985 1143 4042 iortuito
1152 4000 1219 4042 cum
1231 3985 1296 4058 ipso
1307 3985 1384 4058 apud
1395 3985 1590 4044 blanchinum
1602 3986 1751 4062 colloquio
1761 4006 1851 4049 nesea

1021 4092 1216 4237 “diffi’ar'adiit
1230 4165 1372 4221 Merenda
1388 4182 1462 4239 opus
1474 4166 1570 4223 Romu
1584 4167 1654 4223 1754
1668 4167 1850 4242 inscriptum

1020 4236 1115 4293 Sancti
1125 4235 1238 4292 Damasi
1250 4252 1330 4308 pope
1342 4238 1475 4306 opuemta
1488 4248 1514 4295 et
1526 4248 1610 4310 qesta.
1628 4238 1689 4295 Dei.

1056 4309 1096 4379 (p)
1110 4308 1151 4362 iia
1166 4313 1237 4364 sunt
1252 4324 1311 4379 prae
1330 4324 1364 4364 ex
1393 4326 1450 4365 ms.
1471 4308 1576 4366 Codice
1597 4310 1726 4367 basilica
1753 4311 1851 4369 suncti

982 4379 1097 4480 DPetri
1113 4379 1151 4436 ll.
1168 4379 1298 4436 Milesius
1314 4381 1489 4438 Sarazunius
1504 4382 1660 4455 evulgavit,
1676 4383 1713 4440 de
1739 4384 1851 4456 quihus

141 4453 309 4535 laudemque
323 4449 530 4518 sempiternam.
547 4445 581 4498 st
600 4441 687 4513 paulo
704 4443 827 4501 iniurius
841 4462 848 4501 :
863 4448 905 4504 lia
919 4449 968 4506 boe
1021 4451 1128 4523 sapius
1139 4451 1221 4507 aiibi,

140 4525 153 4581 i
176 4528 233 4582 itur
248 4518 442 4592 limpidissima
455 4524 532 4588 ronta
542 4515 820 4586 (sacramentarium
831 4519 968 4591 intelligit

165 4597 318 4662 araneosa)
342 4591 470 4664 puriores
493 4603 584 4659 aquae
605 4583 746 4657 hauriam,
768 4589 964 4671 peractumque

134 4670 271 4755 uu»
286 4658 964 4794 Ιι’ιιιι·ιιιιιιιιιιιιιιιιιιιιι

135 4743 263 4872 {lima
261 4749 490 4880 :tuliischvpgiiot'im
499 4798 611 4871 collegii
618 4771 818 4883 acclamatione
839 4814 961 4876 repeten.

134 4885 273 4943 damasec
297 4882 444 4957 [deantur
465 4889 559 4933 omnes
585 4872 753 4944 (Biennium,
783 4875 882 4933 Annot.
899 4880 961 4951 106,

134 4956 371 5104 Pffssjffl‘mg
384 5022 420 5079 de
434 5021 558 5077 Auctore
573 5015 802 5073 sacramentarii
817 5018 961 5079 Veronen-

135 5099 178 5158 sis
190 5115 282 5184 quam
296 5094 385 5172 prelo
399 5097 546 5151 maturam
555 5088 903 5159 suotemporeedeudam
912 5110 960 5151 cu·

135 5172 329 5315 maingisodiit
342 5255 377 5295 ea
391 5238 488 5294 Roma
508 5232 588 5316 l7l8,
614 5228 714 5288 italico
736 5247 879 5300 sermone,
904 5238 959 5294 sub

132 5311 187 5371 hoc
201 5312 305 5370 titulo:
322 5306 390 5369 Delt'
405 5306 558 5375 inimicia,
573 5307 669 5360 autore
681 5318 696 5358 e
706 5304 786 5376 prepi
799 5305 843 5361 det
856 5307 959 5387 §aara-

130 5384 430 5472 mentarr'oui'eronesee
443 5378 583 5450 publicato
598 5374 645 5430 dal
659 5377 695 5430 tl.
712 5374 743 5431 a.
773 5378 805 5431 P.
828 5375 959 5453 Gruseppe

130 5455 295 5600 &afflatis
307 5541 349 5595 ιιι,
365 5523 421 5578 auh
447 5521 503 5577 hac
518 5517 692 5593 epigraphe:
710 5515 726 5590 §
741 5515 802 5603 Xll.
825 5518 958 5592 Suprema

127 5601 257 5659 autorita
266 5596 341 5655 detta
355 5593 453 5650 dirimo
467 5593 599 5659 liemare,
616 5589 649 5646 ed
664 5587 803 5645 attrectas
824 5597 959 5663 spectanti

1057 4524 1096 4596 (b)
1113 4523 1239 4579 Dubitari
1252 4523 1326 4579 enim
1342 4526 1516 4581 uehementer
1529 4530 1624 4597 potest,
1635 4542 1672 4581 an
1684 4525 1745 4598 ipse
1759 4529 1850 4583 etiam

1020 4597 1186 4652 Laurentius
1206 4594 1299 4653 Romae
1320 4599 1395 4652 ortus
1423 4599 1461 4652 sit
1500 4596 1630 4665 llerend„
1661 4597 1792 4671 Opuscul.
1824 4608 1850 4656 et

1018 4667 1090 4724 Gerr.
1107 4667 1139 4721 B.
1157 4668 1277 4734 Damasi,
1293 4683 1353 4738 cap.
1372 4670 1397 4733 l,
1412 4685 1476 4740 paq.
1510 4672 1531 4737 ).

1053 4737 1088 4813 (i)
1102 4739 1180 4794 iluna
1193 4740 1375 4808 fortissimum
1394 4749 1546 4813 martyrem
1568 4740 1781 4812 (massarium)
1798 4742 1850 4798 lio-

1016 4810 1108 4866 manis
1122 4809 1240 4877 civibus,
1255 4826 1332 4867 secur
1345 4821 1426 4884 utque
1439 4813 1569 4869 hactenm
1583 4812 1718 4868 creditum
1739 4814 1848 4884 [uerna

1016 4883 1258 4938 adnumerandum
1272 4882 1468 4940 demonstrarit
1481 4886 1534 4941 Jor.
1552 4884 1689 4940 Dlaacltus
1702 4882 1748 4939 uir
1760 4885 1847 4952 clar„

1015 4963 1107 5011 aoerto
1122 4955 1219 5009 Leonis
1233 4955 1327 5026 Magni
1345 4955 1501 5012 testimonio
1528 4956 1681 5027 (llereadu,
1698 4955 1804 5028 Opusc.
1823 4966 1849 5014 et

1015 5027 1094 5084 Gesta
1110 5026 1260 5095 Damasus*
1284 5026 1313 5093 3,
1336 5026 1369 5083 de
1394 5028 1508 5084 Damasi
1529 5027 1669 5101 operibus,
1686 5043 1754 5100 poa.
1780 5029 1846 5099 ito,

1014 5097 1145 5242 cviiiii'r
1159 5184 1211 5252 quo
1235 5169 1445 5241 (conjecturam
1474 5169 1659 5244 intelligitur
1688 5168 1847 5227 Prudentii

1014 5240 1123 5313 hymno
1139 5240 1277 5309 elicitum)
1292 5240 1514 5298 recurrerentur
1527 5242 1848 5314 consequiturdauren·

1013 5315 1085 5369 tium
1100 5328 1118 5368 a
1132 5312 1217 5368 claris
1229 5313 1287 5367 iltis
1304 5313 1433 5369 liemonae
1448 5314 1527 5372 tlrbis
1548 5313 1617 5386 filiis
1643 5312 1759 5386 (Cosso,
1793 5316 1848 5371 Ca·

1014 5382 1097 5440 millo
1113 5386 1142 5440 et
1156 5383 1279 5455 Caesare)
1294 5387 1411 5443 minime
1424 5386 1585 5455 disiunctum
1605 5384 1759 5457 (Merend,
1785 5387 1847 5443 loca

1013 5456 1144 5528 proxime
1157 5455 1299 5528 allegato).

1049 5527 1088 5598 (ir)
1105 5527 1206 5583 Priore
1218 5530 1322 5586 scilicet
1337 5531 1419 5602 nujus
1432 5529 1523 5602 operis
1532 5537 1689 5602 purincap.
1705 5529 1733 5596 l,
