3960 6240
447 488 945 643 PALLADH
999 490 1526 647 LAUSIACA

389 754 683 870 INGERTO,
721 759 838 855 SED
870 760 1114 859 VETERI
1147 759 1576 858 INTERPRETE.

870 1048 1112 1176 Prologus.

172 1338 1068 1415 teanultaquidemetvariadiveraistemporibusadiversis
1083 1342 1249 1415 conscripta
1259 1341 1406 1398 habentur
1416 1342 1450 1397 de
1461 1341 1508 1397 his
1522 1340 1571 1414 qui
1584 1340 1742 1399 illecebras
1751 1334 1854 1398 saeculi

135 1427 385 1500 derelinquentes,
396 1430 431 1485 ad
442 1430 602 1502 christum,
614 1432 707 1488 secere
717 1432 899 1505 coniugium,
910 1449 1035 1505 quorum
1049 1433 1158 1488 bonum
1170 1431 1261 1488 animi
1271 1430 1452 1487 desiderium
1461 1435 1489 1487 et
1500 1430 1643 1503 religiosa
1655 1429 1768 1486 mentis
1779 1431 1851 1486 allec

135 1522 198 1575 tum
215 1534 346 1591 superne
362 1520 462 1592 gratia
479 1520 643 1593 inspiratio,
660 1522 745 1593 quasi
757 1522 904 1594 adjectum
916 1522 1040 1579 flamma·
1052 1522 1148 1578 oleum
1161 1521 1320 1586 nutriebat,
1331 1519 1360 1576 in
1372 1521 1595 1577 edificationem
1607 1535 1712 1577 sorum
1725 1519 1778 1592 qui
1792 1518 1850 1576 fide

133 1607 413 1679 integravoluntarii
426 1616 596 1680 permanent
606 1611 635 1667 in
648 1611 782 1667 doctrina
793 1611 952 1667 Salvatoris
961 1611 1052 1668 nostri
1065 1611 1181 1667 Christi.
1194 1608 1396 1667 consideranti
1407 1616 1505 1666 autem
1516 1626 1603 1683 qnam
1616 1611 1738 1684 gratum
1749 1608 1852 1666 sitliec

136 1695 324 1766 sacrificium,
336 1695 452 1754 lucrum
467 1699 645 1763 animarum,
663 1699 758 1756 visum
769 1704 815 1756 est
825 1700 934 1756 etmihi
945 1699 1049 1756 humili
1069 1699 1231 1756 reverentia
1245 1715 1297 1772 pro
1309 1698 1504 1772 possibilitate
1524 1715 1589 1756 mea
1603 1699 1741 1755 fraterna
1756 1697 1848 1754 saluti

136 1784 300 1855 consulere,
316 1789 346 1843 et
360 1786 521 1844 illustrium
537 1805 596 1845 non
611 1791 816 1846 tantummodo
830 1788 974 1858 virorum,
990 1791 1040 1846 sed
1056 1790 1145 1845 etiam
1159 1789 1336 1845 feminarum
1353 1804 1450 1844 mores
1461 1788 1588 1845 etvitam
1598 1787 1769 1856 ostendere,
1780 1802 1849 1861 pro·

137 1873 238 1947 palare
252 1875 386 1948 virtutes,
402 1880 431 1932 et
446 1876 588 1933 miracula
603 1876 762 1948 declarare,
774 1893 875 1934 eorum
892 1878 1006 1935 scilicet
1019 1894 1091 1948 quos
1102 1876 1174 1944 vidi,
1190 1882 1219 1934 at
1233 1878 1269 1933 de
1283 1877 1393 1950 quibua
1404 1876 1513 1948 andivi,
1530 1894 1597 1934 oum
1612 1877 1728 1950 quibus
1743 1881 1850 1933 stcon·

138 1966 273 2020 versatus
288 1981 355 2022 sum
374 1969 433 2022 tam
450 1967 480 2023 in
495 1967 609 2040 AEgypti
622 1967 792 2036 solitudine,
806 1985 895 2041 quarn
911 1969 998 2026 etiam
1014 1967 1043 2023 ia
1061 1967 1151 2040 Libya
1165 1973 1195 2024 et
1207 1966 1366 2023 Thebaida.
1384 1969 1501 2023 atsere
1517 1966 1609 2038 (tetra
1624 1966 1719 2025 Editio
1734 1966 1849 2024 Sirene.

141 2051 183 2108 Aa
198 2053 338 2126 Cyrenai)
351 2054 452 2122 simul,
468 2060 498 2112 et
514 2056 565 2129 qui
581 2056 721 2112 dicuntur
735 2056 991 2126 Tabenneoeicte;
1004 2057 1111 2114 deinde
1127 2057 1156 2112 in
1173 2056 1396 2129 Mesopotamia,
1412 2054 1576 2122 Palestina,
1592 2059 1622 2112 et
1639 2056 1737 2127 Syria,
1750 2059 1782 2113 st
1804 2072 1853 2113 eo·

141 2155 208 2197 rum
219 2141 270 2214 qui
283 2142 313 2198 in
329 2143 458 2201 occiduis
471 2145 617 2218 partibus,
628 2150 724 2202 Rome
735 2151 763 2202 et
774 2146 939 2219 Campaniae
951 2150 1114 2203 morantur.
1127 2145 1276 2202 Desiderio
1288 2145 1436 2217 siquidem
1450 2144 1629 2201 humilitatis
1639 2148 1668 2201 et
1677 2145 1852 2202 obedientia

141 2230 259 2288 auditor
273 2231 394 2290 allectus
415 2235 584 2291 monastica
608 2235 815 2307 institutionis,
835 2235 1021 2308 trigesimum
1038 2242 1066 2293 et
1081 2236 1202 2292 tertium
1219 2251 1309 2308 agens
1324 2235 1420 2291 atatis
1442 2251 1551 2291 annum
1578 2235 1607 2290 in
1624 2237 1852 2308 congregatione

138 2320 277 2392 fratrum,
293 2321 487 2382 nibilominus
498 2329 527 2381 et
537 2324 566 2379 in
579 2323 780 2382 solitariavita
797 2326 961 2383 diversatos
983 2341 1059 2395 sum,
1083 2325 1134 2381 ubi
1147 2325 1274 2398 plurima
1292 2324 1381 2381 didici
1394 2322 1548 2392 imitanda,
1560 2324 1667 2396 pariter
1680 2325 1852 2393 atvitanda,

139 2424 204 2479 quae
218 2408 247 2464 in
263 2409 318 2468 hoc
332 2410 419 2479 libro,
436 2430 493 2486 qua
508 2416 608 2486 potero
624 2413 776 2480 brevitate,
798 2417 966 2482 contexam
983 2418 1016 2471 ut
1030 2414 1060 2468 in
1075 2413 1247 2486 compendio
1263 2411 1415 2470 salutilers
1429 2411 1612 2481 commoniti,
1629 2412 1852 2469 indeficientem

138 2496 244 2554 animas
259 2499 411 2572 capiamus
423 2501 599 2558 medicinam
612 2519 619 2571 ;
632 2518 750 2560 omnem
761 2502 896 2560 videlicet
908 2501 1119 2561 obliviscamur
1130 2504 1286 2572 desidiam,
1301 2503 1468 2574 mentisque
1480 2500 1680 2558 somnolentia
1695 2505 1726 2558 et
1737 2499 1854 2559 carnale

137 2585 333 2658 desiderium
349 2607 528 2664 omnemque
543 2592 759 2649 dissensionem
772 2591 874 2664 animi,
887 2593 1112 2649 commotionem
1128 2593 1299 2662 iracundiae,
1310 2591 1463 2648 tristitiam
1475 2595 1504 2646 et
1514 2588 1752 2647 irrationabilem
1764 2590 1851 2647 timo·

139 2691 201 2732 rem
217 2693 268 2749 per
282 2685 344 2735 trac
358 2680 535 2753 repellamus
548 2699 555 2751 ;
567 2698 670 2738 vanam
680 2680 804 2755 gloriam
812 2687 841 2738 et
856 2682 1046 2739 ambitionem
1058 2681 1156 2737 saculi
1168 2681 1380 2755 despiciamus,
1393 2682 1465 2736 utin
1479 2679 1677 2736 ilderaritalis
1689 2684 1721 2737 at
1731 2680 1763 2736 in
1773 2680 1853 2738 deei-

139 2763 219 2822 deric
230 2766 402 2824 aeternitatis
418 2767 616 2842 proficiamus.
633 2768 795 2826 audientes
809 2769 899 2842 igitur
914 2769 999 2826 fortia
1014 2773 1181 2827 sauctorum
1197 2774 1290 2843 gesta,
1316 2769 1490 2842 acingamur
1504 2773 1532 2824 et
1547 2785 1601 2825 ncs
1617 2788 1625 2838 ς
1652 2772 1799 2840 augescat
1822 2768 1848 2824 in

140 2852 226 2910 nobis
242 2855 325 2925 fides,
342 2873 394 2928 spe
408 2857 542 2915 vincendi
557 2858 686 2916 charitas
697 2857 865 2928 incalescat,
882 2865 910 2917 et
925 2859 996 2918 certi
1011 2859 1106 2916 simus
1122 2860 1192 2933 quia
1204 2859 1336 2916 cbristus
1351 2857 1507 2916 bellatores
1522 2874 1593 2914 suos
1608 2856 1776 2929 adjuvabit,
1791 2856 1850 2913 vio·

138 2943 217 2999 tores
231 2943 392 3001 coronabit.

408 3192 526 3250 CAPUT
541 3193 684 3252 PRIMUM
976 3157 1006 3225 Α
1021 3157 1184 3213 dicentem:
1201 3155 1275 3223 Quia
1289 3155 1431 3213 erubesco
1442 3155 1590 3226 accipiens
1601 3154 1790 3227 corporalem
1804 3171 1845 3211 ce·

688 3235 695 3249 ⁸
1022 3263 1086 3303 carn
1103 3246 1180 3303 sicut
1194 3243 1378 3302 irrationalia
1392 3242 1542 3310 animalia,
1559 3259 1627 3299 cum
1643 3242 1750 3316 utiquc
1765 3242 1849 3299 homo

137 3313 244 3374 ’3ῖάοή
257 3319 284 3374 ‘l
305 3316 436 3376 &titillet
449 3317 638 3402 conuersatio,
665 3321 692 3374 tl
707 3319 801 3390 Ραὸδῖθ
822 3319 969 3391 ij‘llm
1020 3334 1174 3391 rationalis
1190 3334 1277 3391 aDao
1293 3336 1409 3391 creatus
1424 3331 1492 3406 sim,
1509 3337 1538 3388 st
1552 3331 1603 3405 qui
1614 3330 1755 3389 deberem
1768 3348 1848 3403 pars·

489 3405 618 3461 mm·
1020 3424 1078 3481 disi
1093 3423 1209 3481 deliciis
1224 3423 1293 3480 frui.
1439 3422 1445 3433 “

172 3512 426 3586 cumprimumad
438 3514 645 3571 Alexandriam
656 3515 851 3588 perrexissem
863 3516 967 3573 civita·
1054 3514 1106 3570 llic
1123 3519 1211 3571 nctus
1227 3529 1294 3569 cum
1311 3515 1390 3570 esset
1404 3512 1537 3569 Romano
1553 3510 1685 3583 senatui,
1709 3510 1848 3569 omnibns

140 3606 218 3674 tem,
240 3602 333 3676 reperi
352 3603 448 3661 virum
473 3603 654 3675 mirabilem,
676 3604 808 3678 undique
828 3609 965 3663 ornatum
1018 3602 1163 3660 matronis
1175 3602 1399 3675 magnificorum
1412 3606 1440 3658 et
1450 3600 1612 3657 illustrium
1623 3601 1772 3669 virorum,
1784 3616 1845 3657 cum

141 3690 964 3767 moribus,ccnvereatinne,etscientia,lsidorumprss-
1015 3689 1842 3764 Athanasioepiscopocaueafideiluitllcmnna,deinde

138 3780 289 3855 byturum,
306 3786 335 3839 et
353 3783 536 3841 xenodochio
550 3784 742 3842 constitutum
762 3783 964 3841 Alexandrina
1015 3781 1100 3839 eliam
1116 3798 1183 3838 cum
1195 3781 1340 3838 Demetrio
1354 3779 1550 3855 episcopo3et
1561 3778 1720 3836 abundans
1732 3778 1843 3835 divitiis

137 3871 266 3929 ecclesia
276 3871 396 3947 (Herod.
407 3890 467 3946 cop.
483 3873 577 3946 licui
589 3874 705 3946 quidem
716 3873 758 3946 pri
764 3890 815 3929 mu
824 3874 963 3944 juventu·
1014 3867 1720 3927 inrationexencdcchiiatsuidcientiamhahsns
1730 3868 1844 3925 nullum

134 3958 334 4019 tisillecebras
344 3962 498 4019 dicebatur
509 3963 540 4019 in
553 3962 712 4019 solitudine
724 3979 899 4035 macerasse,
911 3981 962 4021 cu·
1012 3957 1843 4032 testamentumscripsitmorians3sadnequennumnum·

130 4049 183 4122 jus
197 4050 286 4107 etiam
302 4067 356 4108 nos
372 4051 476 4108 cellam
488 4051 619 4109 vidimus
631 4053 659 4108 in
676 4056 775 4109 monte
790 4051 898 4108 Nitriae.
912 4056 962 4110 ln-
1013 4065 1095 4105 mum
1112 4048 1230 4122 reliquit
1244 4047 1418 4105 insolatium
1431 4047 1583 4105 sororibus
1594 4045 1708 4113 suis,iu
1720 4045 1842 4121 virgini·

132 4137 200 4194 veni
216 4143 314 4196 sutem
330 4156 397 4197 eum
414 4156 561 4197 annorum
578 4140 767 4215 septuaginta
781 4158 892 4210 senem,
909 4144 961 4216 qui
1011 4138 1081 4195 tatis
1097 4139 1245 4211 proposito
1268 4137 1460 4207 constitutis;
1476 4137 1527 4192 sed
1552 4136 1776 4193 commendavit
1795 4151 1844 4193 aas

133 4230 202 4298 post
216 4227 384 4299 quindecim
400 4228 474 4286 alios
490 4246 584 4286 annos
599 4230 757 4288 defunctus
772 4231 860 4287 estin
878 4248 958 4304 pace.
1011 4227 1126 4285 Christo
1141 4227 1276 4296 Domino,
1293 4226 1394 4283 dicans
1405 4243 1412 4282 :
1425 4225 1480 4293 Qui
1496 4224 1605 4282 creavit
1617 4240 1680 4292 vos,
1697 4224 1843 4297 gubernet

132 4314 185 4372 Hic
200 4317 458 4389 usquesdcxitum
474 4319 542 4375 vitae
559 4336 619 4375 sua
635 4336 693 4376 non
710 4318 799 4376 lintec
815 4337 887 4377 usus
902 4329 957 4391 est,
1009 4318 1099 4374 vitam
1111 4323 1249 4385 vestram,
1262 4318 1340 4374 sicut
1352 4320 1497 4373 etmeam.
1508 4315 1578 4372 llrat
1589 4317 1686 4370 autem
1697 4330 1767 4371 cum
1779 4330 1842 4388 ger·

133 4404 409 4479 nonbalneo.Gujus
421 4422 528 4478 corpus
539 4408 958 4483 gratiaDeiitaretertumptt,
1010 4405 1107 4462 manis
1122 4406 1188 4477 ejus
1202 4403 1389 4477 congregatio
1404 4402 1553 4475 virginum
1569 4400 1774 4474 septuaginta.

132 4493 286 4567 relectum]
300 4500 373 4564 erat,
390 4498 422 4551 ut
437 4501 574 4568 putarent
590 4514 693 4554 omnes
708 4497 877 4571 ignorantes
891 4516 995 4594 ocu-B
1046 4493 1108 4550 Huc
1124 4491 1358 4564 venientijuvani
1371 4491 1444 4547 mihi
1459 4495 1488 4547 et
1499 4488 1668 4562 deprecanti
1679 4490 1843 4546 aumutin·

131 4583 325 4642 versationem
333 4585 782 4661 ejus,quiaindeliciisdegsrrt.
794 4587 889 4660 Hujus
898 4589 956 4644 vir·
1011 4584 1147 4640 stitueret
1162 4581 1513 4654 me,conilrmaretquein
1524 4577 1741 4635 monachorum
1751 4579 1842 4636 vitam

131 4677 211 4731 tutes
226 4673 319 4730 animi
335 4674 360 4730 si
377 4674 958 4750 volueroexpcnera,delicietmctempus
1014 4673 1172 4728 ferventem
1185 4669 1305 4743 juvenili
1323 4668 1516 4736 aetele,verb0
1532 4666 1652 4740 quidem
1667 4682 1716 4722 1110
1727 4683 1787 4724 non
1798 4670 1845 4724 cet

132 4768 313 4821 amantem.
325 4764 377 4820 Hic
387 4764 464 4821 inter
474 4770 595 4823 caterae
604 4766 728 4824 virtutes
740 4765 828 4822 nimis
841 4767 958 4824 miseri·
1013 4760 1192 4831 consolatus,
1205 4760 1256 4817 aed
1273 4759 1368 4833 magis
1379 4758 1508 4816 laborem
1519 4758 1594 4815 885
1610 4755 1730 4812 induxit
1743 4773 1845 4830 corpo·

130 4869 195 4911 ccrs
210 4870 244 4911 ac
265 4853 412 4928 benignus
426 4858 536 4924 erat,ut
551 4856 639 4913 etiam
653 4856 765 4912 inimici
781 4857 845 4928 ejus
858 4856 957 4912 atinli-
1012 4851 1114 4908 ralem.
1126 4849 1234 4906 Eduxit
1247 4848 1326 4905 enim
1342 4864 1388 4905 me
1405 4849 1482 4904 loraa
1499 4847 1665 4905 decivitate
1680 4846 1717 4902 ad
1729 4861 1764 4902 aa
1775 4862 1846 4919 quer

128 4943 957 5017 delesgentilesrevererentureum.'lantamautemscien·
1011 4941 1151 4997 dicuntur
1165 4939 1322 4995 secretiora
1336 4937 1410 5007 loca,
1428 4936 1568 4994 milliario
1581 4935 1697 5008 quinto,
1715 4935 1843 4992 tradens

127 5031 199 5088 tiam
207 5033 910 5107 habuitScripturarumdivinaruminatruclicne
920 5034 957 5092 li·
1011 5047 1057 5089 me
1071 5030 1213 5087 Dorotheo
1230 5028 1347 5085 cuidam
1361 5025 1613 5084 abstinentissimo
1625 5024 1687 5080 viro
1698 5023 1841 5094 Theben,

127 5117 298 5191 brorum,ut
312 5121 464 5195 interipsa
479 5122 567 5178 etiam
580 5125 714 5181 convivia
724 5123 846 5180 fratrum
858 5127 955 5180 menta
1009 5116 1326 5194 sexagesimumageuti
1336 5112 1784 5189 annuminspelunca,etjussit
1794 5130 1844 5171 me

127 5208 279 5266 excederet
293 5209 500 5283 spiritualibus
515 5211 691 5270 visionibus.
706 5217 839 5285 cumque
854 5213 954 5286 depre·
1009 5210 1131 5285 implere
1147 5209 1223 5281 apud
1240 5205 1340 5279 ipsum
1361 5208 1421 5262 tres
1435 5222 1545 5273 annos,
1563 5204 1599 5260 ad
1614 5200 1842 5260 edomationem

128 5300 246 5352 caretur
259 5298 364 5354 referta
376 5299 443 5371 quie
459 5305 537 5357 esset
548 5317 685 5359 excessus
701 5300 809 5357 mentis
820 5302 894 5372 ejus,
910 5301 952 5357 di·
1008 5300 1138 5373 corporis
1149 5296 1322 5372 passionum
1335 5312 1342 5363 ;
1354 5294 1467 5351 sciebat
1476 5295 1553 5350 enim
1566 5308 1665 5350 senem
1677 5291 1786 5363 mandi
1798 5291 1845 5348 di·

127 5383 213 5439 cebet
227 5401 295 5441 cum
306 5385 444 5460 lacrymis
460 5405 467 5444 ε
491 5391 562 5457 Quia
574 5397 672 5448 mente
683 5395 786 5463 raptus
796 5390 899 5446 eumin
912 5390 952 5445 ri·
1008 5390 1159 5446 strictione
1173 5388 1329 5444 viventem.
1346 5387 1453 5441 lterum
1468 5383 1541 5440 mihi
1556 5380 1663 5440 reverti
1673 5381 1710 5436 ad
1723 5397 1828 5454 scprrs

128 5472 210 5529 sicne
225 5476 353 5547 quadam
364 5476 523 5548 spirituali.
534 5479 885 5554 Egoveroocgnovihunc
896 5479 952 5538 ire·
1008 5480 1085 5551 cepit
1100 5475 1264 5551 spiritualis
1274 5475 1476 5531 instructionis
1489 5491 1588 5531 causa.
1599 5470 1777 5529 Ncnvalena
1788 5488 1846 5530 au-

128 5566 254 5637 qusnter
267 5563 478 5637 lacrymantem
495 5583 583 5641 super
608 5586 752 5638 mensam,
769 5584 835 5625 cum
852 5569 950 5626 cibum
1006 5576 1134 5624 temeres
1149 5581 1242 5621 annos
1258 5562 1391 5636 implere,
1408 5563 1580 5619 infirmitate
1604 5562 1771 5630 detentus,
1801 5561 1845 5620 ita

126 5657 263 5726 ceperat,
279 5657 308 5710 et
322 5669 442 5711 causam
457 5653 683 5732 interrogantes,
700 5659 868 5717 audivimus
883 5674 950 5715 curn
1005 5663 1076 5718 ante
1090 5655 1250 5715 triennium
1266 5670 1402 5713 reversus
1417 5671 1484 5713 sum
1499 5655 1536 5714 ab
1546 5669 1591 5713 ec.
