3930 6240
99 297 153 354 341
730 306 951 365 moerore
968 311 1180 368 Phnebieus
1757 317 1813 375 342

102 423 201 496 pulsat
215 426 336 499 ostium,
352 434 380 486 et
394 429 558 502 ingressus,
574 429 630 488 hoo
645 429 735 486 dicit:
750 435 853 505 Surge,
871 433 931 490 tra·
944 434 974 502 Α
987 438 1075 509 vade,
1092 436 1200 511 inquit,
1217 444 1245 495 ot
1264 439 1299 497 ab
1319 439 1369 497 illo
1392 440 1573 499 trumentum
1604 445 1694 515 atque
1713 442 1810 501 oleum

102 517 148 570 ter
160 515 435 588 llustathi‚etsolve
449 521 527 592 quod
537 518 647 592 ligasti.
667 522 793 593 Ipsoque
803 538 932 580 momen·
987 528 1040 584 tibi
1056 530 1153 586 datur.
1163 531 1295 602 Cumque
1311 531 1347 587 ad
1360 545 1427 587 eum
1444 528 1491 588 llle
1505 531 1568 604 ipse
1583 532 1722 589 venisset.
1738 532 1764 589 is
1774 535 1810 591 ad

103 607 143 672 to,
161 620 226 661 oum
242 604 405 664 lectoruna
419 623 486 663 cum
503 608 641 681 episcopo
655 624 751 682 genua
765 627 820 668 sua
835 611 932 668 [lexis-
984 635 1072 691 quem
1096 619 1191 675 fuerat
1212 619 1275 692 ipss
1298 620 1494 678 transmissus
1517 621 1558 678 ait
1572 622 1657 678 siden
1672 637 1679 679 :
1695 623 1738 678 'lu
1760 621 1810 681 ille

103 698 158 761 ὅθί,
175 695 286 752 mulier
300 698 385 754 enixe
399 702 455 753 est.
466 701 739 773 Tantumquejugis
757 701 930 758 innocentie
985 710 1083 764 nescio
1097 707 1189 782 quis‘l
1204 708 1237 764 m
1251 708 1300 765 ille
1316 726 1348 766 se
1363 726 1428 768 esse
1439 711 1600 783 respondit.
1611 713 1652 767 Ad
1662 727 1747 783 quem
1760 713 1808 768 di·

101 784 196 839 orstio
210 783 314 855 valuit,
331 791 364 843 ut
378 789 406 844 et
422 786 571 844 calumnia
587 789 706 861 periret,
722 793 749 845 et
767 789 931 848 calumnia·
983 796 1024 854 xit
1039 798 1094 854 hoc
1110 797 1177 855 ille:
1194 797 1210 854 J
1215 801 1290 855 ussit
1305 799 1454 873 aliquisut
1466 798 1520 856 tibi
1530 799 1653 873 triginta
1666 800 1808 857 frumenti

100 873 159 928 trix
174 874 383 932 emendaretur
396 876 427 932 in
444 877 550 948 poenis,
564 882 593 934 et
609 882 641 933 ut
656 894 812 950 possemus
825 895 930 952 agnos·
984 887 1108 954 modios,
1125 890 1154 942 et
1168 887 1269 943 decem
1284 886 1339 943 olei
1355 888 1497 944 sextarios
1512 888 1624 944 darem.
1641 887 1744 945 Dehoo
1759 904 1806 944 er·

100 978 167 1018 cere
181 965 433 1035 quemadmodum
455 965 593 1023 insistere
608 966 792 1025 orationibus
808 967 930 1025 debere·
982 991 1018 1048 go
1035 974 1159 1032 mamare
1177 975 1325 1048 gloriabor
1339 976 1390 1048 qui
1406 976 1474 1032 talis
1486 976 1558 1045 luit3
1573 976 1735 1048 quemnovi
1747 978 1806 1034 ire-

98 1067 176 1121 mus,
193 1068 321 1125 (tuarum
335 1058 447 1111 tantem
463 1054 575 1112 scimus
590 1071 655 1112 0⁸⁸0
666 1054 815 1113 Virtutem·
982 1070 1114 1136 quenter,
1133 1064 1437 1139 cumvideretaliquos
1449 1066 1623 1122 necessitate
1630 1066 1807 1140 gravissima

981 1171 1015 1210 ee
1031 1153 1155 1226 penuria
1178 1154 1322 1222 laborare,
1344 1155 1471 1211 multum
1489 1155 1614 1224 flevisse,
1638 1160 1668 1212 et
1689 1155 1806 1214 dedisse

394 1234 510 1292 CAPUT
531 1235 618 1292 LVIII
624 1276 631 1294 ·
981 1243 1086 1299 iisdem
1095 1247 1198 1316 preter
1210 1260 1317 1317 corpus
1328 1261 1415 1301 suum
1428 1260 1611 1317 quecunque
1621 1244 1729 1301 habere
1740 1262 1806 1318 pos·

294 1361 359 1417 m,
371 1362 470 1432 'mm
483 1360 553 1418 ,θα-ι·
568 1361 733 1419 Madidis·
980 1337 1034 1389 eet.
1050 1333 1121 1390 Novi
1136 1334 1226 1392 etiam
1242 1350 1293 1407 pro
1308 1334 1407 1407 aliquo
1417 1333 1573 1401 monacho,
1587 1334 1637 1408 qui
1652 1333 1681 1390 ia
1692 1334 1804 1408 peccati

979 1421 1108 1494 ruinam,
1124 1426 1240 1479 tantum
1256 1422 1286 1480 in
1303 1423 1439 1497 precibus
1454 1423 1517 1481 auis
1533 1423 1645 1481 fudisse
1662 1422 1804 1497 lacryme-

131 1507 232 1559 Pauoa
246 1505 372 1561 nunede
382 1505 472 1562 tratre
483 1506 587 1579 loquar
597 1508 738 1581 quodam,
750 1507 800 1580 qui
812 1523 926 1565 mecum
979 1528 1057 1578 rum,
1074 1516 1107 1568 ut
1121 1528 1190 1568 eum
1205 1513 1242 1568 ad
1266 1511 1468 1585 poenitentiam
1484 1528 1623 1586 magnam
1643 1513 1753 1569 orando
1769 1527 1804 1569 ac

95 1592 925 1670 aprincipioiuventutisusqueinhodiernumdiemvi·
979 1596 1075 1655 tiendo
1100 1605 1259 1657 revocaret.
1289 1600 1432 1658 llicidem
1449 1601 1521 1658 mihi
1542 1599 1700 1673 aliquando
1716 1601 1801 1671 jure·

96 1681 152 1750 xit,
170 1687 260 1754 atque
274 1681 316 1739 ita
331 1701 410 1741 nuno
425 1702 531 1759 ponam
548 1686 637 1744 finem
654 1703 718 1744 meo
734 1685 833 1743 libello
848 1687 924 1759 (Pal-
976 1687 1029 1755 vit,
1050 1687 1106 1744 hoe
1131 1689 1250 1746 dicens:
1277 1691 1453 1762 deprecatus
1477 1706 1544 1746 sum
1568 1689 1737 1758 Dominum,
1764 1705 1801 1745 ne

93 1771 167 1839 tau,
180 1789 244 1846 cop.
256 1773 333 1846 451).
937 1806 962 1872 B
977 1792 1109 1848 unquam
1126 1776 1238 1850 aliquid
1252 1779 1407 1836 maximae
1421 1783 1573 1853 peccatore
1587 1779 1631 1835 vel
1647 1778 1747 1845 divite,
1767 1795 1802 1835 ex

130 1865 218 1922 Hunc
232 1867 454 1940 agoplurimum
470 1870 923 1943 temporisadmodamnoveram
978 1864 1016 1922 iis
1030 1883 1094 1938 qum
1110 1867 1276 1925 necessaria
1294 1867 1383 1925 victui
1400 1868 1444 1925 vel
1468 1868 1535 1925 usui
1552 1884 1616 1925 meo
1631 1867 1802 1925 viderentur

93 1952 179 2010 nullo
193 1955 341 2013 desiderio
356 1957 464 2015 mentis
481 1963 533 2015 aut
547 1959 679 2031 corporis
690 1958 811 2029 virtum,
827 1959 871 2017 vel
886 1959 922 2015 ad
979 1955 1151 2028 acciperem.

87 2043 924 2119 jejunandumnoluisseplacerelrominibus,velsdeden·
1014 2045 1088 2101 Mihi
1108 2051 1207 2103 tamen
1224 2047 1276 2104 hoe
1301 2047 1413 2105 suilloit
1432 2048 1510 2120 quod
1533 2046 1628 2105 merui
1652 2049 1801 2104 tentorum

94 2132 171 2189 dum
180 2133 735 2208 camisilleoebrssuperatumvicisse
746 2143 843 2194 autem
855 2155 922 2194 eum
978 2136 1152 2192 meminisse
1164 2143 1345 2204 sanctorum,
1361 2141 1390 2193 et
1405 2137 1483 2210 quod
1504 2136 1612 2194 tradidi
1629 2153 1679 2193 eos
1694 2152 1803 2193 memo·

92 2223 234 2281 existimo
245 2228 306 2281 tam
321 2225 490 2282 divitiarum
502 2228 828 2299 quamvanagloriaser
843 2233 924 2300 parte
978 2224 1029 2281 rie
1044 2224 1207 2282 litterarum
1222 2244 1229 2295 ;
1246 2243 1341 2298 neque
1357 2226 1433 2282 enim
1452 2225 1516 2282 sine
1538 2225 1681 2285 instinctu
1697 2225 1749 2283 Dei
1764 2227 1800 2282 ad

94 2312 209 2383 majore
224 2313 429 2387 cupiditatem,
446 2321 534 2388 atque
550 2316 578 2373 id
596 2317 652 2373 sibi
668 2316 764 2374 solum
790 2317 924 2375 sulficere
977 2314 1033 2371 hoe
1053 2319 1123 2371 tuus
1138 2332 1245 2372 sonans
1268 2332 1410 2372 accensus
1432 2320 1488 2386 est,
1505 2320 1538 2371 ut
1552 2315 1640 2371 vallea
1656 2331 1673 2370 a
1687 2331 1734 2371 me
1747 2314 1801 2370 tibi

93 2401 279 2472 credentem,
292 2403 369 2476 quod
382 2403 503 2463 haberet
518 2406 547 2462 in
559 2406 706 2463 manibus.
717 2405 803 2464 Nullo
818 2411 922 2463 ornatu
979 2404 1036 2461 ista
1051 2405 1197 2462 conscribi
1212 2410 1241 2462 et
1256 2412 1289 2462 ut
1303 2405 1430 2478 istorum
1441 2405 1574 2461 omnium
1587 2403 1803 2476 vitescompre·

93 2491 223 2549 restium
247 2491 459 2551 delectabatur.
491 2496 543 2552 Pro
567 2499 737 2569 contemptu
753 2497 840 2554 etiam
857 2512 923 2565 suo,
978 2493 1066 2550 hendi
1080 2493 1250 2567 preciperes
1265 2493 1319 2551 hoc
1334 2493 1443 2551 libello.

92 2596 214 2654 semper
226 2582 338 2655 gratias
351 2598 439 2656 agero
452 2590 685 2654 consueverat,et
699 2602 751 2658 pro
765 2585 841 2642 veris
851 2585 924 2641 ami·
1013 2585 1055 2640 lu
1070 2601 1147 2652 vero,
1164 2583 1334 2641 felicissime
1344 2583 1454 2641 Christi
1469 2583 1579 2642 lamule
1589 2584 1694 2652 Lause,
1704 2583 1800 2641 liben-

95 2671 140 2727 cis
155 2670 244 2728 etiam
262 2672 427 2743 perieulum
444 2673 544 2730 subire
560 2674 707 2748 cupiebat.
723 2676 866 2749 Expertus
877 2678 923 2733 est
978 2678 1022 2730 ter
1037 2673 1098 2730 hec
1114 2672 1218 2743 recole,
1234 2673 1396 2730 maximnm
1411 2672 1440 2729 in
1457 2673 1504 2729 his
1520 2673 1680 2748 imaginem
1699 2691 1800 2731 resur·

90 2760 185 2816 etiam
196 2759 302 2818 millies
311 2766 340 2818 et
351 2762 424 2819 torte
436 2763 563 2836 amplius
575 2764 741 2820 demonum
753 2768 921 2836 potestates,
977 2762 1117 2820 rectionis
1128 2779 1301 2837 agnoscens.
1319 2764 1422 2820 Beatas
1436 2768 1606 2820 sanctorum
1622 2763 1697 2820 vites
1720 2764 1799 2820 viro·

93 2866 192 2922 usque
208 2851 283 2908 adeo
294 2856 327 2908 ut
339 2851 523 2922 quadamdie
539 2844 646 2924 pacisci
661 2870 728 2910 oum
743 2853 923 2910 oodiabolus
978 2867 1057 2916 rum,
1073 2856 1102 2908 et
1118 2851 1318 2909 intolerandos
1338 2851 1465 2923 labores,
1481 2856 1510 2909 et
1528 2853 1733 2909 admirandam
1748 2869 1800 2925 pa·

92 2938 192 3006 vellet,
207 2938 264 2997 hoc
279 2939 398 2997 dicens:
415 2941 556 2998 Promitte
567 2942 639 2998 mihi
653 2942 698 2998 vel
708 2941 800 3000 semel
817 2947 845 2999 te
856 2960 922 3015 pec·
977 2941 1112 2998 tientiem
1135 2941 1208 3012 lege,
1229 2942 1431 3014 promotisque
1455 2941 1592 2998 sensibus
1615 2958 1749 3015 sequere,
1771 2946 1802 2999 et

91 3033 279 3098 catarum,et
291 3030 431 3086 seminam
443 3030 497 3088 tibi
508 3048 690 3105 quecunque
699 3033 734 3088 de
744 3032 922 3090 hosmundo
977 3047 1029 3103 spe
1056 3046 1154 3087 rerum
1177 3030 1321 3087 bonarum
1344 3030 1566 3104 coelestiumque
1588 3031 1680 3098 nutri,
1704 3031 1802 3089 sciens

93 3117 320 3187 desideraveris,
335 3119 489 3178 exhibebo.
979 3136 1089 3192 paucos
1104 3119 1164 3176 tore
1174 3120 1225 3193 qui
1238 3125 1457 3192 sequentureos
1467 3120 1517 3192 qui
1526 3120 1579 3176 hos
1588 3124 1801 3193 precesserunt

128 3199 194 3257 Alio
209 3201 339 3274 quodam
360 3206 491 3274 tempore
507 3220 558 3276 per
577 3203 801 3276 quatuordeeim
823 3211 922 3260 noctes
937 3173 960 3240 c
979 3209 1053 3266 dias.
1071 3208 1126 3265 Pro
1142 3207 1530 3280 meantemorarediguere‚
1547 3207 1693 3282 talemque
1704 3213 1733 3266 te
1749 3210 1800 3265 mi·

91 3289 491 3363 confligenseumeodemon
500 3292 748 3365 (sioutiipsemihi
757 3292 922 3365 referebat],
976 3297 1007 3353 hi
1018 3293 1108 3371 'atque
1119 3297 1257 3355 omnibus
1269 3297 1375 3370 prebe,
1388 3295 1504 3369 qualem
1514 3295 1688 3353 essetsnovi
1701 3313 1718 3351 a
1729 3312 1800 3352 con·

93 3396 163 3436 cam
179 3378 306 3454 pedibus
321 3397 388 3437 eum
405 3386 491 3439 nocte
505 3382 542 3439 de
558 3380 632 3439 oella
647 3399 703 3439 sue
715 3382 854 3453 traheret,
870 3382 924 3439 hu·
976 3387 1075 3443 snlatu
1092 3387 1199 3443 Titiani
1212 3386 1346 3459 usquein
1358 3391 1532 3460 presentem
1543 3383 1799 3457 diem,etqunlem

95 3486 187 3527 mans
200 3469 226 3527 ei
242 3485 313 3527 voce
327 3469 462 3527 dicebat:
487 3471 551 3527 Noli
572 3472 694 3529 adorare
717 3471 879 3539 Christum,
895 3477 924 3528 et
976 3481 1077 3550 postea
1093 3482 1120 3532 te
1131 3476 1286 3549 presulem
1302 3476 1429 3533 cubiculi
1441 3474 1698 3549 piesedisinveni.
1710 3473 1799 3531 Nam·

98 3575 252 3632 nonquam
277 3560 314 3616 ad
330 3563 358 3615 ts
374 3558 496 3617 ulterius
522 3562 669 3618 accedam.
685 3560 736 3616 Cui
757 3561 813 3618 hoc
835 3562 924 3617 dabat
977 3580 1034 3636 qne
1049 3581 1131 3637 opes,
1147 3565 1287 3638 dignitas,
1303 3567 1331 3620 et
1345 3568 1493 3637 potestas,
1510 3564 1540 3621 in
1557 3563 1637 3621 nullo
1653 3565 1798 3622 minorem

96 3648 147 3707 ille
158 3648 682 3725 responsum:Propterea,inquiens,
693 3650 923 3723 magisetadoro
975 3658 1005 3710 te
1020 3669 1089 3725 erga
1105 3668 1235 3709 amoram
1252 3652 1303 3709 Dei
1328 3653 1524 3725 timoremque
1549 3654 1689 3710 iecerunt.
1705 3654 1799 3710 'lotus

96 3754 178 3807 eum,
189 3743 219 3796 et
229 3739 342 3812 jugiter
356 3739 495 3809 adorabo,
511 3745 540 3797 et
555 3740 585 3796 in
604 3740 784 3798 immensum
801 3741 923 3798 modum
977 3740 1026 3799 ille
1046 3742 1109 3812 jem
1126 3741 1234 3798 Christi
1258 3757 1309 3811 es3
1327 3739 1417 3811 illius,
1441 3741 1488 3797 eui
1503 3741 1662 3814 aliquando
1685 3741 1800 3799 daemon

94 3828 267 3886 admirabor
276 3827 401 3903 gloriam
411 3828 506 3902 ipsius
522 3846 555 3887 ao
567 3830 701 3902 stupebo,
713 3831 783 3904 quia
794 3829 848 3888 hoc
859 3830 923 3904 ipso
976 3830 1032 3888 hoo
1047 3830 1136 3887 dixit:
1153 3829 1258 3887 Omnia
1274 3829 1329 3886 tibi
1349 3829 1408 3886 ista
1422 3829 1507 3898 dabo,
1525 3830 1549 3886 si
1563 3845 1610 3886 me
1626 3845 1737 3902 pronus
1751 3845 1802 3885 vo·

80 3918 176 3997 ,quod
192 3918 267 3976 laeio
287 3917 406 3992 angeris
420 3918 545 3977 multum
562 3924 649 3993 etque
664 3920 816 3977 cruciaris.
976 3919 1069 3978 lucris
1083 3919 1205 3977 adorare
1221 3919 1326 3990 (narrt.
1343 3918 1394 3992 rv).
1410 3916 1568 3992 [Sedhuno
1583 3916 1725 3974 Dominus
1735 3934 1806 3973 con-

132 4008 256 4066 Gentum
272 4013 359 4066 etsex
371 4007 573 4082 civitatesipse
584 4010 822 4084 cognovit,longo
834 4010 923 4066 etiam
979 4009 1067 4082 ludit,
1083 4024 1148 4067 oum
1160 4009 1250 4064 dixlt:
1265 4006 1346 4064 Vade
1363 4011 1450 4063 retro.
1465 4008 1556 4072 Quem
1568 4008 1601 4062 tu
1611 4004 1802 4079 quoqueimi-

94 4103 229 4173 tempors
242 4097 274 4156 in
286 4097 423 4172 plurimis
434 4103 631 4157 moratuseet.
647 4099 755 4156 Favere
765 4104 794 4156 et
810 4099 924 4156 miseri·
978 4105 1058 4167 tans,
1075 4096 1238 4172 repudiatis
1254 4097 1340 4153 ssnxis
1351 4095 1462 4152 divitiis
1473 4098 1502 4152 et
1513 4094 1664 4152 umbratili
1675 4096 1741 4151 vite
1751 4092 1805 4151 hu·

94 4187 476 4246 cordiasshristi.leminam
493 4192 682 4261 expertusest
698 4188 925 4259 nullam‚neque
978 4190 1030 4261 Jus
1045 4187 1148 4261 gloria,
1170 4186 1319 4244 caelestem
1334 4185 1417 4242 illam
1434 4185 1632 4242 immortalem
1649 4184 1760 4252 vitam,
1777 4189 1805 4239 et

94 4277 176 4335 inter
184 4276 373 4344 somnia,nisi
383 4277 412 4334 in
425 4277 715 4334 certaminisrisione
724 4283 813 4350 atqua
824 4279 925 4335 confli-
980 4282 1122 4334 eternum
1138 4292 1274 4350 regnum,
1290 4279 1319 4331 et
1334 4278 1475 4348 perpetuo
1486 4278 1654 4331 manentem
1670 4271 1806 4346 gloriam,

96 4373 175 4426 ctus.
193 4368 259 4426 Scio
276 4373 305 4425 et
319 4384 386 4425 eum
402 4372 448 4424 ter
462 4367 612 4441 accepisse
628 4369 664 4423 ab
680 4368 792 4441 angelis
807 4369 924 4424 cibum:
981 4367 1095 4423 ethona
1109 4365 1160 4422 illa
1173 4364 1502 4438 adamasti,queneque
1512 4361 1617 4420 oculus
1627 4361 1701 4419 vidit
1712 4376 1807 4435 neque

95 4462 263 4516 unoautem
274 4457 321 4515 die
333 4457 363 4513 in
375 4455 756 4514 vastissimissolitudinum
767 4457 926 4528 locis,oum
981 4455 1063 4512 auris
1078 4455 1200 4524 audivit,
1226 4470 1320 4527 neque
1336 4453 1366 4510 in
1386 4470 1436 4510 cor
1449 4451 1581 4509 hominis
1607 4451 1808 4509 ascenderunt

95 4527 968 4621 nemicamquidempanishaberet,treseelidosinpelle1)
984 4546 1048 4618 (lea.
1069 4560 1144 4612 nx1v,
1157 4548 1171 4601 l
1187 4546 1253 4601 Cor.
1270 4544 1320 4617 2),·
1335 4559 1461 4616 quorum
1478 4542 1592 4598 utinam
1611 4541 1741 4598 heredes
1756 4557 1811 4598 nos

96 4653 153 4694 sua
165 4636 274 4710 reperit
285 4636 449 4709 paximates
460 4655 468 4706 3
480 4634 538 4692 alio
552 4651 669 4709 quoque
680 4641 812 4708 ternpore
826 4635 929 4691 vinum
986 4635 1072 4691 t'aciat
1088 4652 1147 4691 una
1161 4649 1228 4690 oum
1245 4634 1384 4690 omnibus
1398 4633 1508 4689 sanetis
1520 4631 1583 4688 suia
1596 4630 1772 4704 patriarchis
1783 4633 1812 4686 et

95 4723 930 4799 aepaneapariterinvenit.0uodamdieeumaliouidixis-
986 4723 1148 4798 prophetis,
1165 4720 1366 4795 apostolisque
1382 4737 1415 4777 ac
1430 4720 1621 4793 martyribus,
1634 4724 1663 4777 et
1682 4719 1720 4776 iis
1735 4736 1809 4792 quo-

95 4830 129 4872 se
144 4814 331 4882 reminiscor,
346 4814 424 4887 quod
438 4811 542 4886 angelo
558 4813 696 4885 loquente
712 4813 773 4869 hrec
789 4811 927 4881 audierit,
985 4829 1051 4870 rum
1068 4812 1097 4868 in
1113 4811 1168 4867 hoc
1190 4810 1265 4867 libro
1280 4809 1450 4867 memoriam
1472 4806 1698 4878 celebravimus,
1714 4805 1812 4881 gretia

95 4901 192 4960 Didici
203 4909 233 4960 et
243 4903 322 4976 quod
334 4901 549 4959 alimentavita
560 4900 727 4960 necessaria
739 4900 929 4958 nonhehercs
985 4900 1080 4974 ipsius
1096 4898 1256 4957 Salvatoris
1271 4897 1365 4956 nostri
1379 4897 1450 4955 Jesu
1466 4895 1586 4954 Christi.
1601 4897 1636 4968 ¹]¹

133 5059 144 5096 ¹
163 5055 282 5114 Inclusa
297 5057 405 5113 desunt
418 5054 549 5112 Editioni
564 5055 661 5112 Fabri.

131 5129 144 5166 ¹
172 5128 205 5187 ln
219 5128 295 5187 lldit.
312 5127 398 5187 Fabri
407 5127 587 5200 sequebatur
597 5127 644 5185 bic
654 5125 811 5202 peroratio.
829 5125 880 5183 list
893 5125 994 5184 eadem
1010 5140 1078 5184 curu
1092 5123 1234 5197 proemio
1246 5141 1347 5199 supra.
