<?xml version="1.0" encoding="UTF-8"?>
<!DOCTYPE html PUBLIC "-//W3C//DTD XHTML 1.0 Transitional//EN"
    "http://www.w3.org/TR/xhtml1/DTD/xhtml1-transitional.dtd">
<html xmlns="http://www.w3.org/1999/xhtml" xml:lang="en" lang="en">
 <head>
  <title>
</title>
<meta http-equiv="Content-Type" content="text/html;charset=utf-8" />
  <meta name='ocr-system' content='tesseract 3.04.00' />
  <meta name='ocr-capabilities' content='ocr_page ocr_carea ocr_par ocr_line ocrx_word'/>
</head>
<body>
  <div class='ocr_page' id='page_1' title='image "./patrologiaecurs15goog_0043.png"; bbox 0 0 3960 6240; ppageno 0'>
   <div class='ocr_carea' id='block_1_1' title="bbox 155 289 1861 367">
    <p class='ocr_par' dir='ltr' id='par_1_1' title="bbox 155 289 1861 367">
     <span class='ocr_line' id='line_1_1' title="bbox 155 289 1861 367; baseline -0.015 -3"><span class='ocrx_word' id='word_1_1' title='bbox 155 309 192 367; x_wconf 76' lang='lat'><strong>75</strong></span> <span class='ocrx_word' id='word_1_2' title='bbox 750 299 799 356; x_wconf 74' lang='lat' dir='ltr'><strong>DE</strong></span> <span class='ocrx_word' id='word_1_3' title='bbox 817 297 912 352; x_wconf 74' lang='lat' dir='ltr'><strong>vttts</strong></span> <span class='ocrx_word' id='word_1_4' title='bbox 930 294 1079 349; x_wconf 72' lang='lat' dir='ltr'>PATRUM</span> <span class='ocrx_word' id='word_1_5' title='bbox 1098 293 1206 348; x_wconf 77' lang='lat' dir='ltr'><strong>Ltutttt</strong></span> <span class='ocrx_word' id='word_1_6' title='bbox 1224 293 1273 348; x_wconf 81' lang='lat' dir='ltr'><strong>IX.</strong></span> <span class='ocrx_word' id='word_1_7' title='bbox 1823 289 1861 348; x_wconf 78' lang='lat'><strong>76</strong></span> 
     </span>
    </p>
   </div>
   <div class='ocr_carea' id='block_1_2' title="bbox 157 389 1859 597">
    <p class='ocr_par' dir='ltr' id='par_1_2' title="bbox 157 389 1859 597">
     <span class='ocr_line' id='line_1_2' title="bbox 157 389 1859 510; baseline -0.01 -17"><span class='ocrx_word' id='word_1_8' title='bbox 157 389 294 510; x_wconf 84' lang='lat' dir='ltr'><strong>pulturre.</strong></span> <span class='ocrx_word' id='word_1_9' title='bbox 308 433 353 491; x_wconf 90' lang='lat' dir='ltr'><strong>lta</strong></span> <span class='ocrx_word' id='word_1_10' title='bbox 366 429 455 488; x_wconf 89' lang='lat' dir='ltr'><strong>etiam</strong></span> <span class='ocrx_word' id='word_1_11' title='bbox 465 426 532 498; x_wconf 88' lang='lat' dir='ltr'><strong>pest</strong></span> <span class='ocrx_word' id='word_1_12' title='bbox 542 417 978 497; x_wconf 82' lang='lat' dir='ltr'><strong>mortem,trugalitatiaetsim·</strong></span> <span class='ocrx_word' id='word_1_13' title='bbox 991 417 1021 487; x_wconf 73' lang='lat' dir='ltr'>A</span> <span class='ocrx_word' id='word_1_14' title='bbox 1034 415 1281 491; x_wconf 74' lang='lat' dir='ltr'><strong>multiplicabitur</strong></span> <span class='ocrx_word' id='word_1_15' title='bbox 1294 416 1381 490; x_wconf 81' lang='lat' dir='ltr'><strong>(Psoi.</strong></span> <span class='ocrx_word' id='word_1_16' title='bbox 1396 417 1473 487; x_wconf 72' lang='lat' dir='ltr'><strong>aad:</strong></span> <span class='ocrx_word' id='word_1_17' title='bbox 1489 419 1519 473; x_wconf 88' lang='lat' dir='ltr'><strong>et</strong></span> <span class='ocrx_word' id='word_1_18' title='bbox 1545 415 1636 474; x_wconf 84' lang='lat' dir='ltr'><strong>ctiam</strong></span> <span class='ocrx_word' id='word_1_19' title='bbox 1664 416 1715 476; x_wconf 87' lang='lat' dir='ltr'><strong>alii</strong></span> <span class='ocrx_word' id='word_1_20' title='bbox 1743 433 1859 490; x_wconf 89' lang='lat' dir='ltr'><strong>omues,</strong></span> 
     </span>
     <span class='ocr_line' id='line_1_3' title="bbox 157 505 1853 597; baseline -0.009 -17"><span class='ocrx_word' id='word_1_21' title='bbox 157 522 297 597; x_wconf 90' lang='lat' dir='ltr'><strong>plicitatis</strong></span> <span class='ocrx_word' id='word_1_22' title='bbox 313 534 413 579; x_wconf 89' lang='lat' dir='ltr'><strong>curam</strong></span> <span class='ocrx_word' id='word_1_23' title='bbox 430 513 656 591; x_wconf 81' lang='lat' dir='ltr'><strong>gerebantcives</strong></span> <span class='ocrx_word' id='word_1_24' title='bbox 671 510 831 580; x_wconf 71' lang='lat' dir='ltr'><strong>coelerum</strong></span> <span class='ocrx_word' id='word_1_25' title='bbox 847 514 982 582; x_wconf 88' lang='lat' dir='ltr'><strong>etnequs</strong></span> <span class='ocrx_word' id='word_1_26' title='bbox 1034 508 1121 579; x_wconf 88' lang='lat' dir='ltr'><strong>cujus</strong></span> <span class='ocrx_word' id='word_1_27' title='bbox 1135 522 1281 572; x_wconf 89' lang='lat' dir='ltr'><strong>scorsum,</strong></span> <span class='ocrx_word' id='word_1_28' title='bbox 1297 505 1323 562; x_wconf 87' lang='lat' dir='ltr'><strong>ai</strong></span> <span class='ocrx_word' id='word_1_29' title='bbox 1337 506 1415 563; x_wconf 88' lang='lat' dir='ltr'><strong>Deus</strong></span> <span class='ocrx_word' id='word_1_30' title='bbox 1438 505 1517 578; x_wconf 88' lang='lat' dir='ltr'><strong>velit,</strong></span> <span class='ocrx_word' id='word_1_31' title='bbox 1534 506 1640 563; x_wconf 85' lang='lat' dir='ltr'><strong>taciem</strong></span> <span class='ocrx_word' id='word_1_32' title='bbox 1663 507 1853 566; x_wconf 86' lang='lat' dir='ltr'><strong>mentionem.</strong></span> 
     </span>
    </p>
   </div>
   <div class='ocr_carea' id='block_1_3' title="bbox 159 598 1862 682">
    <p class='ocr_par' dir='ltr' id='par_1_3' title="bbox 159 598 1862 682">
     <span class='ocr_line' id='line_1_4' title="bbox 159 598 1862 682; baseline -0.004 -11"><span class='ocrx_word' id='word_1_33' title='bbox 159 611 378 682; x_wconf 82' lang='lat' dir='ltr'><strong>cumrivebant,</strong></span> <span class='ocrx_word' id='word_1_34' title='bbox 390 610 419 664; x_wconf 90' lang='lat' dir='ltr'><strong>in</strong></span> <span class='ocrx_word' id='word_1_35' title='bbox 432 606 563 664; x_wconf 87' lang='lat' dir='ltr'><strong>animum</strong></span> <span class='ocrx_word' id='word_1_36' title='bbox 574 598 982 677; x_wconf 84' lang='lat' dir='ltr'><strong>unquaminduxaruntuteis</strong></span> <span class='ocrx_word' id='word_1_37' title='bbox 1072 605 1102 662; x_wconf 85' lang='lat' dir='ltr'><strong>Si</strong></span> <span class='ocrx_word' id='word_1_38' title='bbox 1119 609 1217 662; x_wconf 80' lang='lat' dir='ltr'><strong>autem</strong></span> <span class='ocrx_word' id='word_1_39' title='bbox 1233 605 1418 677; x_wconf 73' lang='lat' dir='ltr'><strong>agricultum</strong></span> <span class='ocrx_word' id='word_1_40' title='bbox 1441 604 1547 662; x_wconf 73' lang='lat' dir='ltr'><strong>divina</strong></span> <span class='ocrx_word' id='word_1_41' title='bbox 1571 621 1672 663; x_wconf 90' lang='lat' dir='ltr'><strong>curam</strong></span> <span class='ocrx_word' id='word_1_42' title='bbox 1700 623 1816 680; x_wconf 86' lang='lat' dir='ltr'><strong>gerens,</strong></span> <span class='ocrx_word' id='word_1_43' title='bbox 1830 610 1862 664; x_wconf 88' lang='lat' dir='ltr'><strong>ct</strong></span> 
     </span>
    </p>
   </div>
   <div class='ocr_carea' id='block_1_4' title="bbox 157 687 1864 772">
    <p class='ocr_par' dir='ltr' id='par_1_4' title="bbox 157 687 1864 772">
     <span class='ocr_line' id='line_1_5' title="bbox 157 687 1864 772; baseline -0.004 -12"><span class='ocrx_word' id='word_1_44' title='bbox 157 719 205 760; x_wconf 84' lang='lat' dir='ltr'><strong>roa</strong></span> <span class='ocrx_word' id='word_1_45' title='bbox 229 700 291 758; x_wconf 93' lang='lat' dir='ltr'><strong>ulla</strong></span> <span class='ocrx_word' id='word_1_46' title='bbox 314 713 437 772; x_wconf 86' lang='lat' dir='ltr'><strong>magnos</strong></span> <span class='ocrx_word' id='word_1_47' title='bbox 456 694 577 768; x_wconf 72' lang='lat' dir='ltr'><strong>spiritus</strong></span> <span class='ocrx_word' id='word_1_48' title='bbox 602 693 722 760; x_wconf 62' lang='lat' dir='ltr'><strong>fuceret,</strong></span> <span class='ocrx_word' id='word_1_49' title='bbox 739 700 766 749; x_wconf 70' lang='lat' dir='ltr'><strong>el</strong></span> <span class='ocrx_word' id='word_1_50' title='bbox 790 687 899 749; x_wconf 61' lang='lat' dir='ltr'><strong>mortui</strong></span> <span class='ocrx_word' id='word_1_51' title='bbox 924 704 983 743; x_wconf 84' lang='lat' dir='ltr'><strong>11⁰n</strong></span> <span class='ocrx_word' id='word_1_52' title='bbox 1038 695 1154 752; x_wconf 87' lang='lat' dir='ltr'><strong>animas</strong></span> <span class='ocrx_word' id='word_1_53' title='bbox 1170 695 1260 751; x_wconf 86' lang='lat' dir='ltr'><strong>simut</strong></span> <span class='ocrx_word' id='word_1_54' title='bbox 1286 698 1438 752; x_wconf 87' lang='lat' dir='ltr'><strong>curenaet</strong></span> <span class='ocrx_word' id='word_1_55' title='bbox 1465 711 1597 768; x_wconf 90' lang='lat' dir='ltr'><strong>corpora,</strong></span> <span class='ocrx_word' id='word_1_56' title='bbox 1614 712 1732 768; x_wconf 82' lang='lat' dir='ltr'><strong>parvam</strong></span> <span class='ocrx_word' id='word_1_57' title='bbox 1757 713 1864 769; x_wconf 87' lang='lat' dir='ltr'><strong>passus</strong></span> 
     </span>
    </p>
   </div>
   <div class='ocr_carea' id='block_1_5' title="bbox 140 778 1868 2032">
    <p class='ocr_par' dir='ltr' id='par_1_5' title="bbox 140 778 1868 1941">
     <span class='ocr_line' id='line_1_6' title="bbox 159 778 1865 861; baseline -0.002 -14"><span class='ocrx_word' id='word_1_58' title='bbox 159 794 231 848; x_wconf 80' lang='lat' dir='ltr'><strong>eunt</strong></span> <span class='ocrx_word' id='word_1_59' title='bbox 246 787 372 861; x_wconf 87' lang='lat' dir='ltr'><strong>amplexi</strong></span> <span class='ocrx_word' id='word_1_60' title='bbox 388 786 529 842; x_wconf 88' lang='lat' dir='ltr'><strong>honorem</strong></span> <span class='ocrx_word' id='word_1_61' title='bbox 541 782 695 839; x_wconf 90' lang='lat' dir='ltr'><strong>hominum</strong></span> <span class='ocrx_word' id='word_1_62' title='bbox 714 781 783 850; x_wconf 73' lang='lat' dir='ltr'><strong>,aed</strong></span> <span class='ocrx_word' id='word_1_63' title='bbox 795 782 888 836; x_wconf 89' lang='lat' dir='ltr'><strong>totum</strong></span> <span class='ocrx_word' id='word_1_64' title='bbox 903 792 983 832; x_wconf 87' lang='lat' dir='ltr'><strong>nme·</strong></span> <span class='ocrx_word' id='word_1_65' title='bbox 1038 783 1295 857; x_wconf 69' lang='lat' dir='ltr'><strong>aegritudinemut</strong></span> <span class='ocrx_word' id='word_1_66' title='bbox 1309 789 1338 841; x_wconf 92' lang='lat' dir='ltr'><strong>et</strong></span> <span class='ocrx_word' id='word_1_67' title='bbox 1353 788 1464 840; x_wconf 78' lang='lat' dir='ltr'><strong>naturas</strong></span> <span class='ocrx_word' id='word_1_68' title='bbox 1480 778 1750 844; x_wconf 66' lang='lat' dir='ltr'><strong>imbecilitatem&#39;et</strong></span> <span class='ocrx_word' id='word_1_69' title='bbox 1772 786 1865 843; x_wconf 87' lang='lat' dir='ltr'><strong>animi</strong></span> 
     </span>
     <span class='ocr_line' id='line_1_7' title="bbox 159 865 1864 947; baseline -0.003 -10"><span class='ocrx_word' id='word_1_70' title='bbox 159 897 222 936; x_wconf 89' lang='lat' dir='ltr'><strong>rem</strong></span> <span class='ocrx_word' id='word_1_71' title='bbox 237 875 452 936; x_wconf 89' lang='lat' dir='ltr'><strong>transtulerunt</strong></span> <span class='ocrx_word' id='word_1_72' title='bbox 466 874 496 928; x_wconf 92' lang='lat' dir='ltr'><strong>in</strong></span> <span class='ocrx_word' id='word_1_73' title='bbox 513 888 672 947; x_wconf 83' lang='lat' dir='ltr'><strong>sponsum;</strong></span> <span class='ocrx_word' id='word_1_74' title='bbox 687 887 744 928; x_wconf 92' lang='lat' dir='ltr'><strong>non</strong></span> <span class='ocrx_word' id='word_1_75' title='bbox 761 883 888 928; x_wconf 87' lang='lat' dir='ltr'><strong>eceuaac</strong></span> <span class='ocrx_word' id='word_1_76' title='bbox 899 865 984 939; x_wconf 81' lang='lat' dir='ltr'><strong>pudi·</strong></span> <span class='ocrx_word' id='word_1_77' title='bbox 1040 873 1191 930; x_wconf 87' lang='lat' dir='ltr'><strong>discamus</strong></span> <span class='ocrx_word' id='word_1_78' title='bbox 1202 873 1418 942; x_wconf 86' lang='lat' dir='ltr'><strong>tortitudinem,</strong></span> <span class='ocrx_word' id='word_1_79' title='bbox 1429 873 1493 945; x_wconf 90' lang='lat' dir='ltr'><strong>ipse</strong></span> <span class='ocrx_word' id='word_1_80' title='bbox 1504 873 1755 946; x_wconf 86' lang='lat' dir='ltr'><strong>quidemaxcassit</strong></span> <span class='ocrx_word' id='word_1_81' title='bbox 1768 873 1864 931; x_wconf 85' lang='lat' dir='ltr'><strong>avita·</strong></span> 
     </span>
     <span class='ocr_line' id='line_1_8' title="bbox 160 957 1865 1037; baseline -0.005 -10"><span class='ocrx_word' id='word_1_82' title='bbox 160 987 201 1027; x_wconf 79' lang='lat' dir='ltr'><strong>ee</strong></span> <span class='ocrx_word' id='word_1_83' title='bbox 227 968 375 1033; x_wconf 86' lang='lat' dir='ltr'><strong>mulieres,</strong></span> <span class='ocrx_word' id='word_1_84' title='bbox 392 979 456 1037; x_wconf 81' lang='lat' dir='ltr'><strong>qua</strong></span> <span class='ocrx_word' id='word_1_85' title='bbox 482 961 584 1019; x_wconf 90' lang='lat' dir='ltr'><strong>asciis</strong></span> <span class='ocrx_word' id='word_1_86' title='bbox 609 960 786 1034; x_wconf 78' lang='lat' dir='ltr'><strong>coniugibus</strong></span> <span class='ocrx_word' id='word_1_87' title='bbox 815 957 936 1015; x_wconf 79' lang='lat' dir='ltr'><strong>student</strong></span> <span class='ocrx_word' id='word_1_88' title='bbox 957 958 986 1012; x_wconf 90' lang='lat' dir='ltr'><strong>et</strong></span> <span class='ocrx_word' id='word_1_89' title='bbox 1075 964 1145 1019; x_wconf 75' lang='lat' dir='ltr'><strong>Aere</strong></span> <span class='ocrx_word' id='word_1_90' title='bbox 1159 966 1258 1018; x_wconf 86' lang='lat' dir='ltr'><strong>autem</strong></span> <span class='ocrx_word' id='word_1_91' title='bbox 1275 960 1385 1018; x_wconf 89' lang='lat' dir='ltr'><strong>bellum</strong></span> <span class='ocrx_word' id='word_1_92' title='bbox 1401 961 1479 1018; x_wconf 88' lang='lat' dir='ltr'><strong>inter</strong></span> <span class='ocrx_word' id='word_1_93' title='bbox 1492 962 1605 1019; x_wconf 85' lang='lat' dir='ltr'><strong>vicinos</strong></span> <span class='ocrx_word' id='word_1_94' title='bbox 1622 967 1756 1019; x_wconf 87' lang='lat' dir='ltr'><strong>exortum</strong></span> <span class='ocrx_word' id='word_1_95' title='bbox 1771 966 1815 1021; x_wconf 86' lang='lat' dir='ltr'><strong>est</strong></span> <span class='ocrx_word' id='word_1_96' title='bbox 1828 963 1865 1019; x_wconf 90' lang='lat' dir='ltr'><strong>de</strong></span> 
     </span>
     <span class='ocr_line' id='line_1_9' title="bbox 156 1045 1861 1125; baseline -0.004 -10"><span class='ocrx_word' id='word_1_97' title='bbox 156 1057 248 1116; x_wconf 88' lang='lat' dir='ltr'><strong>amari</strong></span> <span class='ocrx_word' id='word_1_98' title='bbox 264 1061 293 1113; x_wconf 93' lang='lat' dir='ltr'><strong>et</strong></span> <span class='ocrx_word' id='word_1_99' title='bbox 303 1053 430 1122; x_wconf 88' lang='lat' dir='ltr'><strong>laudari,</strong></span> <span class='ocrx_word' id='word_1_100' title='bbox 446 1052 550 1109; x_wconf 86' lang='lat' dir='ltr'><strong>landas</strong></span> <span class='ocrx_word' id='word_1_101' title='bbox 561 1051 687 1106; x_wconf 88' lang='lat' dir='ltr'><strong>aliorum</strong></span> <span class='ocrx_word' id='word_1_102' title='bbox 704 1050 936 1106; x_wconf 73' lang='lat' dir='ltr'><strong>contemnentes.</strong></span> <span class='ocrx_word' id='word_1_103' title='bbox 947 1045 987 1101; x_wconf 84' lang='lat' dir='ltr'><strong>Ea</strong></span> <span class='ocrx_word' id='word_1_104' title='bbox 1041 1068 1174 1124; x_wconf 89' lang='lat' dir='ltr'><strong>corpore.</strong></span> <span class='ocrx_word' id='word_1_105' title='bbox 1190 1052 1230 1107; x_wconf 82' lang='lat' dir='ltr'><strong>iix</strong></span> <span class='ocrx_word' id='word_1_106' title='bbox 1244 1049 1380 1108; x_wconf 84' lang='lat' dir='ltr'><strong>finitimis</strong></span> <span class='ocrx_word' id='word_1_107' title='bbox 1390 1055 1491 1108; x_wconf 82' lang='lat' dir='ltr'><strong>auten:</strong></span> <span class='ocrx_word' id='word_1_108' title='bbox 1507 1051 1628 1124; x_wconf 89' lang='lat' dir='ltr'><strong>quidam</strong></span> <span class='ocrx_word' id='word_1_109' title='bbox 1646 1052 1793 1124; x_wconf 81' lang='lat' dir='ltr'><strong>vicus(ldl</strong></span> <span class='ocrx_word' id='word_1_110' title='bbox 1809 1068 1861 1125; x_wconf 93' lang='lat' dir='ltr'><strong>po-</strong></span> 
     </span>
     <span class='ocr_line' id='line_1_10' title="bbox 156 1134 1867 1218; baseline -0.004 -13"><span class='ocrx_word' id='word_1_111' title='bbox 156 1150 193 1205; x_wconf 91' lang='lat' dir='ltr'><strong>de</strong></span> <span class='ocrx_word' id='word_1_112' title='bbox 208 1163 296 1205; x_wconf 89' lang='lat' dir='ltr'><strong>causa</strong></span> <span class='ocrx_word' id='word_1_113' title='bbox 312 1159 441 1218; x_wconf 89' lang='lat' dir='ltr'><strong>sponsus</strong></span> <span class='ocrx_word' id='word_1_114' title='bbox 452 1158 503 1199; x_wconf 88' lang='lat' dir='ltr'><strong>eos</strong></span> <span class='ocrx_word' id='word_1_115' title='bbox 513 1140 601 1196; x_wconf 91' lang='lat' dir='ltr'><strong>etiam</strong></span> <span class='ocrx_word' id='word_1_116' title='bbox 614 1138 639 1196; x_wconf 91' lang='lat' dir='ltr'><strong>si</strong></span> <span class='ocrx_word' id='word_1_117' title='bbox 655 1137 759 1206; x_wconf 91' lang='lat' dir='ltr'><strong>nolint,</strong></span> <span class='ocrx_word' id='word_1_118' title='bbox 776 1137 873 1194; x_wconf 84' lang='lat' dir='ltr'><strong>reddit</strong></span> <span class='ocrx_word' id='word_1_119' title='bbox 893 1134 987 1192; x_wconf 88' lang='lat' dir='ltr'><strong>claros</strong></span> <span class='ocrx_word' id='word_1_120' title='bbox 1041 1142 1110 1215; x_wconf 91' lang='lat' dir='ltr'><strong>pulo</strong></span> <span class='ocrx_word' id='word_1_121' title='bbox 1125 1141 1397 1216; x_wconf 79' lang='lat' dir='ltr'><strong>frequentissimus,</strong></span> <span class='ocrx_word' id='word_1_122' title='bbox 1411 1158 1478 1198; x_wconf 91' lang='lat' dir='ltr'><strong>eum</strong></span> <span class='ocrx_word' id='word_1_123' title='bbox 1493 1144 1552 1198; x_wconf 91' lang='lat' dir='ltr'><strong>toto</strong></span> <span class='ocrx_word' id='word_1_124' title='bbox 1567 1141 1657 1198; x_wconf 91' lang='lat' dir='ltr'><strong>simul</strong></span> <span class='ocrx_word' id='word_1_125' title='bbox 1668 1147 1767 1200; x_wconf 90' lang='lat' dir='ltr'><strong>coacto</strong></span> <span class='ocrx_word' id='word_1_126' title='bbox 1777 1159 1867 1216; x_wconf 92' lang='lat' dir='ltr'><strong>popu·</strong></span> 
     </span>
     <span class='ocr_line' id='line_1_11' title="bbox 157 1224 1866 1309; baseline -0.004 -15"><span class='ocrx_word' id='word_1_127' title='bbox 157 1243 187 1294; x_wconf 91' lang='lat' dir='ltr'><strong>ot</strong></span> <span class='ocrx_word' id='word_1_128' title='bbox 199 1236 344 1309; x_wconf 87' lang='lat' dir='ltr'><strong>insignes,</strong></span> <span class='ocrx_word' id='word_1_129' title='bbox 360 1236 388 1290; x_wconf 91' lang='lat' dir='ltr'><strong>et</strong></span> <span class='ocrx_word' id='word_1_130' title='bbox 405 1230 556 1288; x_wconf 88' lang='lat' dir='ltr'><strong>hominum</strong></span> <span class='ocrx_word' id='word_1_131' title='bbox 573 1227 667 1303; x_wconf 88' lang='lat' dir='ltr'><strong>gloria</strong></span> <span class='ocrx_word' id='word_1_132' title='bbox 681 1244 715 1284; x_wconf 86' lang='lat' dir='ltr'><strong>ex</strong></span> <span class='ocrx_word' id='word_1_133' title='bbox 726 1224 904 1283; x_wconf 77' lang='lat' dir='ltr'><strong>redundanti</strong></span> <span class='ocrx_word' id='word_1_134' title='bbox 915 1240 987 1297; x_wconf 76' lang='lat' dir='ltr'><strong>qua·</strong></span> <span class='ocrx_word' id='word_1_135' title='bbox 1042 1230 1070 1289; x_wconf 93' lang='lat' dir='ltr'><strong>lo</strong></span> <span class='ocrx_word' id='word_1_136' title='bbox 1085 1232 1264 1300; x_wconf 83' lang='lat' dir='ltr'><strong>advenisset,</strong></span> <span class='ocrx_word' id='word_1_137' title='bbox 1280 1232 1352 1289; x_wconf 86' lang='lat' dir='ltr'><strong>alios</strong></span> <span class='ocrx_word' id='word_1_138' title='bbox 1369 1231 1488 1305; x_wconf 89' lang='lat' dir='ltr'><strong>quidem</strong></span> <span class='ocrx_word' id='word_1_139' title='bbox 1504 1231 1623 1289; x_wconf 87' lang='lat' dir='ltr'><strong>inditae</strong></span> <span class='ocrx_word' id='word_1_140' title='bbox 1634 1232 1756 1304; x_wconf 84' lang='lat' dir='ltr'><strong>legavit,</strong></span> <span class='ocrx_word' id='word_1_141' title='bbox 1773 1231 1866 1288; x_wconf 84' lang='lat' dir='ltr'><strong>maxi-</strong></span> 
     </span>
     <span class='ocr_line' id='line_1_12' title="bbox 157 1314 1866 1399; baseline -0.002 -16"><span class='ocrx_word' id='word_1_142' title='bbox 157 1327 227 1383; x_wconf 93' lang='lat' dir='ltr'><strong>dam</strong></span> <span class='ocrx_word' id='word_1_143' title='bbox 241 1324 326 1399; x_wconf 89' lang='lat' dir='ltr'><strong>eopia</strong></span> <span class='ocrx_word' id='word_1_144' title='bbox 345 1319 486 1394; x_wconf 88' lang='lat' dir='ltr'><strong>impertit.</strong></span> <span class='ocrx_word' id='word_1_145' title='bbox 510 1322 584 1376; x_wconf 89' lang='lat' dir='ltr'><strong>Com</strong></span> <span class='ocrx_word' id='word_1_146' title='bbox 613 1317 692 1373; x_wconf 93' lang='lat' dir='ltr'><strong>enim</strong></span> <span class='ocrx_word' id='word_1_147' title='bbox 718 1316 786 1389; x_wconf 92' lang='lat' dir='ltr'><strong>quis</strong></span> <span class='ocrx_word' id='word_1_148' title='bbox 813 1314 913 1371; x_wconf 87' lang='lat' dir='ltr'><strong>divina</strong></span> <span class='ocrx_word' id='word_1_149' title='bbox 929 1329 990 1385; x_wconf 79' lang='lat' dir='ltr'><strong>per.</strong></span> <span class='ocrx_word' id='word_1_150' title='bbox 1043 1336 1089 1378; x_wconf 90' lang='lat' dir='ltr'><strong>me</strong></span> <span class='ocrx_word' id='word_1_151' title='bbox 1115 1329 1213 1378; x_wconf 88' lang='lat' dir='ltr'><strong>autem</strong></span> <span class='ocrx_word' id='word_1_152' title='bbox 1233 1321 1430 1395; x_wconf 90' lang='lat' dir='ltr'><strong>expetendum</strong></span> <span class='ocrx_word' id='word_1_153' title='bbox 1445 1320 1531 1377; x_wconf 93' lang='lat' dir='ltr'><strong>illum</strong></span> <span class='ocrx_word' id='word_1_154' title='bbox 1547 1321 1646 1395; x_wconf 78' lang='lat' dir='ltr'><strong>rapuit</strong></span> <span class='ocrx_word' id='word_1_155' title='bbox 1665 1320 1866 1389; x_wconf 67' lang='lat' dir='ltr'><strong>thesaurum</strong></span> 
     </span>
     <span class='ocr_line' id='line_1_13' title="bbox 157 1402 1868 1488; baseline -0.004 -18"><span class='ocrx_word' id='word_1_156' title='bbox 157 1409 524 1488; x_wconf 81' lang='lat' dir='ltr'><strong>sequens,petitcoeleatia,</strong></span> <span class='ocrx_word' id='word_1_157' title='bbox 541 1423 600 1463; x_wconf 90' lang='lat' dir='ltr'><strong>una</strong></span> <span class='ocrx_word' id='word_1_158' title='bbox 615 1422 681 1462; x_wconf 87' lang='lat' dir='ltr'><strong>cunr</strong></span> <span class='ocrx_word' id='word_1_159' title='bbox 697 1402 860 1462; x_wconf 88' lang='lat' dir='ltr'><strong>illismulta</strong></span> <span class='ocrx_word' id='word_1_160' title='bbox 870 1417 987 1476; x_wconf 87' lang='lat' dir='ltr'><strong>quoque</strong></span> <span class='ocrx_word' id='word_1_161' title='bbox 1043 1414 1072 1467; x_wconf 89' lang='lat' dir='ltr'><strong>et</strong></span> <span class='ocrx_word' id='word_1_162' title='bbox 1087 1409 1215 1467; x_wconf 86' lang='lat' dir='ltr'><strong>maxima</strong></span> <span class='ocrx_word' id='word_1_163' title='bbox 1230 1409 1464 1481; x_wconf 52' lang='lat' dir='ltr'><strong>adagexetructa,</strong></span> <span class='ocrx_word' id='word_1_164' title='bbox 1480 1426 1514 1466; x_wconf 93' lang='lat' dir='ltr'><strong>ea</strong></span> <span class='ocrx_word' id='word_1_165' title='bbox 1528 1427 1593 1483; x_wconf 82' lang='lat' dir='ltr'><strong>qua</strong></span> <span class='ocrx_word' id='word_1_166' title='bbox 1608 1427 1642 1467; x_wconf 89' lang='lat' dir='ltr'><strong>ex</strong></span> <span class='ocrx_word' id='word_1_167' title='bbox 1656 1426 1689 1467; x_wconf 92' lang='lat' dir='ltr'><strong>eo</strong></span> <span class='ocrx_word' id='word_1_168' title='bbox 1705 1410 1868 1484; x_wconf 83' lang='lat' dir='ltr'><strong>percipitur</strong></span> 
     </span>
     <span class='ocr_line' id='line_1_14' title="bbox 160 1493 1868 1574; baseline -0.003 -14"><span class='ocrx_word' id='word_1_169' title='bbox 160 1503 219 1561; x_wconf 89' lang='lat' dir='ltr'><strong>alie</strong></span> <span class='ocrx_word' id='word_1_170' title='bbox 241 1502 354 1574; x_wconf 90' lang='lat' dir='ltr'><strong>adjicit,</strong></span> <span class='ocrx_word' id='word_1_171' title='bbox 380 1496 589 1570; x_wconf 87' lang='lat' dir='ltr'><strong>multiplicatas</strong></span> <span class='ocrx_word' id='word_1_172' title='bbox 606 1495 732 1568; x_wconf 83' lang='lat' dir='ltr'><strong>largiens</strong></span> <span class='ocrx_word' id='word_1_173' title='bbox 746 1493 912 1567; x_wconf 83' lang='lat' dir='ltr'><strong>petitiones.</strong></span> <span class='ocrx_word' id='word_1_174' title='bbox 929 1493 988 1549; x_wconf 88' lang='lat' dir='ltr'><strong>Hoc</strong></span> <span class='ocrx_word' id='word_1_175' title='bbox 1043 1498 1171 1556; x_wconf 90' lang='lat' dir='ltr'><strong>utilitate</strong></span> <span class='ocrx_word' id='word_1_176' title='bbox 1197 1499 1336 1555; x_wconf 80' lang='lat' dir='ltr'><strong>fruuntur</strong></span> <span class='ocrx_word' id='word_1_177' title='bbox 1350 1499 1380 1555; x_wconf 93' lang='lat' dir='ltr'><strong>in</strong></span> <span class='ocrx_word' id='word_1_178' title='bbox 1395 1497 1569 1557; x_wconf 89' lang='lat' dir='ltr'><strong>hodiernum</strong></span> <span class='ocrx_word' id='word_1_179' title='bbox 1586 1500 1677 1566; x_wconf 90' lang='lat' dir='ltr'><strong>diem,</strong></span> <span class='ocrx_word' id='word_1_180' title='bbox 1692 1498 1810 1573; x_wconf 91' lang='lat' dir='ltr'><strong>publico</strong></span> <span class='ocrx_word' id='word_1_181' title='bbox 1833 1514 1868 1556; x_wconf 91' lang='lat' dir='ltr'><strong>ac</strong></span> 
     </span>
     <span class='ocr_line' id='line_1_15' title="bbox 161 1581 1867 1662; baseline -0.002 -13"><span class='ocrx_word' id='word_1_182' title='bbox 161 1592 250 1651; x_wconf 89' lang='lat' dir='ltr'><strong>otiam</strong></span> <span class='ocrx_word' id='word_1_183' title='bbox 262 1589 375 1647; x_wconf 85' lang='lat' dir='ltr'><strong>diritin</strong></span> <span class='ocrx_word' id='word_1_184' title='bbox 388 1585 642 1659; x_wconf 83' lang='lat' dir='ltr'><strong>terendislegibus</strong></span> <span class='ocrx_word' id='word_1_185' title='bbox 659 1584 769 1641; x_wconf 83' lang='lat' dir='ltr'><strong>:Petite</strong></span> <span class='ocrx_word' id='word_1_186' title='bbox 785 1598 908 1655; x_wconf 82' lang='lat' dir='ltr'><strong>regnum</strong></span> <span class='ocrx_word' id='word_1_187' title='bbox 924 1581 987 1647; x_wconf 81' lang='lat' dir='ltr'><strong>Dei,</strong></span> <span class='ocrx_word' id='word_1_188' title='bbox 1044 1588 1151 1646; x_wconf 85' lang='lat' dir='ltr'><strong>celebri</strong></span> <span class='ocrx_word' id='word_1_189' title='bbox 1166 1587 1334 1646; x_wconf 87' lang='lat' dir='ltr'><strong>iestoillom</strong></span> <span class='ocrx_word' id='word_1_190' title='bbox 1350 1587 1498 1662; x_wconf 80' lang='lat' dir='ltr'><strong>insignem</strong></span> <span class='ocrx_word' id='word_1_191' title='bbox 1513 1589 1653 1646; x_wconf 80' lang='lat' dir='ltr'><strong>uictorem</strong></span> <span class='ocrx_word' id='word_1_192' title='bbox 1678 1589 1867 1653; x_wconf 86' lang='lat' dir='ltr'><strong>horomates,</strong></span> 
     </span>
     <span class='ocr_line' id='line_1_16' title="bbox 140 1671 1867 1754; baseline -0.003 -14"><span class='ocrx_word' id='word_1_193' title='bbox 140 1688 191 1740; x_wconf 55' lang='lat' dir='ltr'><strong>*et</strong></span> <span class='ocrx_word' id='word_1_194' title='bbox 212 1679 373 1754; x_wconf 86' lang='lat' dir='ltr'><strong>justitiam,</strong></span> <span class='ocrx_word' id='word_1_195' title='bbox 390 1681 420 1734; x_wconf 91' lang='lat' dir='ltr'><strong>et</strong></span> <span class='ocrx_word' id='word_1_196' title='bbox 445 1682 549 1733; x_wconf 84' lang='lat' dir='ltr'><strong>caetera</strong></span> <span class='ocrx_word' id='word_1_197' title='bbox 573 1674 673 1731; x_wconf 89' lang='lat' dir='ltr'><strong>omnia</strong></span> <span class='ocrx_word' id='word_1_198' title='bbox 702 1672 878 1745; x_wconf 77' lang='lat' dir='ltr'><strong>adjicientur</strong></span> <span class='ocrx_word' id='word_1_199' title='bbox 905 1671 988 1728; x_wconf 88' lang='lat' dir='ltr'><strong>vobis</strong></span> <span class='ocrx_word' id='word_1_200' title='bbox 1079 1682 1139 1735; x_wconf 90' lang='lat' dir='ltr'><strong>Nos</strong></span> <span class='ocrx_word' id='word_1_201' title='bbox 1155 1683 1253 1736; x_wconf 89' lang='lat' dir='ltr'><strong>autem</strong></span> <span class='ocrx_word' id='word_1_202' title='bbox 1270 1678 1359 1734; x_wconf 89' lang='lat' dir='ltr'><strong>etiam</strong></span> <span class='ocrx_word' id='word_1_203' title='bbox 1376 1678 1513 1735; x_wconf 86' lang='lat' dir='ltr'><strong>absentes</strong></span> <span class='ocrx_word' id='word_1_204' title='bbox 1537 1678 1666 1735; x_wconf 84' lang='lat' dir='ltr'><strong>fruimur</strong></span> <span class='ocrx_word' id='word_1_205' title='bbox 1689 1677 1867 1735; x_wconf 88' lang='lat' dir='ltr'><strong>benedictio·</strong></span> 
     </span>
     <span class='ocr_line' id='line_1_17' title="bbox 162 1761 1866 1849; baseline -0.003 -21"><span class='ocrx_word' id='word_1_206' title='bbox 162 1772 238 1843; x_wconf 83' lang='lat' dir='ltr'><strong>(tric.</strong></span> <span class='ocrx_word' id='word_1_207' title='bbox 252 1769 315 1842; x_wconf 84' lang='lat' dir='ltr'><strong>xri).</strong></span> <span class='ocrx_word' id='word_1_208' title='bbox 333 1761 573 1830; x_wconf 62' lang='lat' dir='ltr'><strong>altercaremur</strong></span> <span class='ocrx_word' id='word_1_209' title='bbox 588 1762 741 1836; x_wconf 86' lang='lat' dir='ltr'><strong>reliquerit</strong></span> <span class='ocrx_word' id='word_1_210' title='bbox 755 1766 867 1835; x_wconf 90' lang='lat' dir='ltr'><strong>patrem</strong></span> <span class='ocrx_word' id='word_1_211' title='bbox 883 1765 912 1818; x_wconf 81' lang='lat' dir='ltr'><strong>ct</strong></span> <span class='ocrx_word' id='word_1_212' title='bbox 924 1777 988 1817; x_wconf 83' lang='lat' dir='ltr'><strong>ma·</strong></span> <span class='ocrx_word' id='word_1_213' title='bbox 1006 1784 1030 1849; x_wconf 74' lang='lat' dir='ltr'>B</span> <span class='ocrx_word' id='word_1_214' title='bbox 1045 1783 1081 1825; x_wconf 91' lang='lat' dir='ltr'><strong>ne</strong></span> <span class='ocrx_word' id='word_1_215' title='bbox 1096 1767 1181 1825; x_wconf 92' lang='lat' dir='ltr'><strong>nobis</strong></span> <span class='ocrx_word' id='word_1_216' title='bbox 1205 1766 1283 1824; x_wconf 90' lang='lat' dir='ltr'><strong>onim</strong></span> <span class='ocrx_word' id='word_1_217' title='bbox 1307 1784 1360 1840; x_wconf 93' lang='lat' dir='ltr'><strong>pro</strong></span> <span class='ocrx_word' id='word_1_218' title='bbox 1384 1768 1566 1824; x_wconf 86' lang='lat' dir='ltr'><strong>monimento</strong></span> <span class='ocrx_word' id='word_1_219' title='bbox 1588 1767 1699 1825; x_wconf 86' lang='lat' dir='ltr'><strong>suitlcit</strong></span> <span class='ocrx_word' id='word_1_220' title='bbox 1713 1766 1866 1825; x_wconf 89' lang='lat' dir='ltr'><strong>memoria.</strong></span> 
     </span>
     <span class='ocr_line' id='line_1_18' title="bbox 159 1851 1556 1941; baseline 0.001 -25"><span class='ocrx_word' id='word_1_221' title='bbox 159 1866 248 1930; x_wconf 86' lang='lat' dir='ltr'><strong>trem,</strong></span> <span class='ocrx_word' id='word_1_222' title='bbox 263 1863 293 1916; x_wconf 87' lang='lat' dir='ltr'><strong>et</strong></span> <span class='ocrx_word' id='word_1_223' title='bbox 318 1859 436 1914; x_wconf 88' lang='lat' dir='ltr'><strong>tratrem</strong></span> <span class='ocrx_word' id='word_1_224' title='bbox 458 1860 488 1912; x_wconf 94' lang='lat' dir='ltr'><strong>et</strong></span> <span class='ocrx_word' id='word_1_225' title='bbox 513 1853 590 1912; x_wconf 83' lang='lat' dir='ltr'><strong>sities</strong></span> <span class='ocrx_word' id='word_1_226' title='bbox 614 1857 734 1927; x_wconf 90' lang='lat' dir='ltr'><strong>proptor</strong></span> <span class='ocrx_word' id='word_1_227' title='bbox 748 1867 848 1909; x_wconf 88' lang='lat' dir='ltr'><strong>meum</strong></span> <span class='ocrx_word' id='word_1_228' title='bbox 862 1851 991 1924; x_wconf 81' lang='lat' dir='ltr'><strong>Evange·</strong></span> <span class='ocrx_word' id='word_1_229' title='bbox 1353 1883 1470 1941; x_wconf 68' lang='lat' dir='ltr'><strong>CAPUT</strong></span> <span class='ocrx_word' id='word_1_230' title='bbox 1482 1883 1556 1941; x_wconf 69' lang='lat' dir='ltr'><strong>xvfl</strong></span> 
     </span>
    </p>

    <p class='ocr_par' dir='ltr' id='par_1_6' title="bbox 162 1930 1567 2032">
     <span class='ocr_line' id='line_1_19' title="bbox 162 1930 1567 2032; baseline -0.001 -25"><span class='ocrx_word' id='word_1_231' title='bbox 162 1950 248 2020; x_wconf 91' lang='lat' dir='ltr'><strong>lium,</strong></span> <span class='ocrx_word' id='word_1_232' title='bbox 264 1947 352 2005; x_wconf 89' lang='lat' dir='ltr'><strong>etiam</strong></span> <span class='ocrx_word' id='word_1_233' title='bbox 368 1947 397 2003; x_wconf 91' lang='lat' dir='ltr'><strong>in</strong></span> <span class='ocrx_word' id='word_1_234' title='bbox 413 1945 469 2002; x_wconf 88' lang='lat' dir='ltr'><strong>hoe</strong></span> <span class='ocrx_word' id='word_1_235' title='bbox 485 1941 591 2001; x_wconf 79' lang='lat' dir='ltr'><strong>seculo</strong></span> <span class='ocrx_word' id='word_1_236' title='bbox 607 1941 780 2014; x_wconf 91' lang='lat' dir='ltr'><strong>cantuplum</strong></span> <span class='ocrx_word' id='word_1_237' title='bbox 808 1939 942 2012; x_wconf 86' lang='lat' dir='ltr'><strong>accipiet,</strong></span> <span class='ocrx_word' id='word_1_238' title='bbox 962 1944 992 1996; x_wconf 92' lang='lat' dir='ltr'><strong>et</strong></span> <span class='ocrx_word' id='word_1_239' title='bbox 1401 1930 1567 2032; x_wconf 48' lang='lat' dir='ltr'><strong>mmm:</strong></span> 
     </span>
    </p>
   </div>
   <div class='ocr_carea' id='block_1_6' title="bbox 165 2071 1878 5085">
    <p class='ocr_par' dir='ltr' id='par_1_7' title="bbox 1043 2071 1870 2588">
     <span class='ocr_line' id='line_1_20' title="bbox 1079 2071 1870 2145; baseline -0.001 -17"><span class='ocrx_word' id='word_1_240' title='bbox 1079 2071 1136 2130; x_wconf 87' lang='lat' dir='ltr'><strong>Nec</strong></span> <span class='ocrx_word' id='word_1_241' title='bbox 1145 2071 1331 2129; x_wconf 88' lang='lat' dir='ltr'><strong>admirabilis</strong></span> <span class='ocrx_word' id='word_1_242' title='bbox 1342 2071 1503 2144; x_wconf 80' lang='lat' dir='ltr'><strong>hbraamia,</strong></span> <span class='ocrx_word' id='word_1_243' title='bbox 1512 2071 1684 2129; x_wconf 88' lang='lat' dir='ltr'><strong>memoriam</strong></span> <span class='ocrx_word' id='word_1_244' title='bbox 1697 2071 1791 2128; x_wconf 85' lang='lat' dir='ltr'><strong>iascst</strong></span> <span class='ocrx_word' id='word_1_245' title='bbox 1801 2088 1870 2145; x_wconf 78' lang='lat' dir='ltr'><strong>pra·</strong></span> 
     </span>
     <span class='ocr_line' id='line_1_21' title="bbox 1043 2161 1869 2235; baseline -0.002 -16"><span class='ocrx_word' id='word_1_246' title='bbox 1043 2162 1215 2229; x_wconf 86' lang='lat' dir='ltr'><strong>termittsre,</strong></span> <span class='ocrx_word' id='word_1_247' title='bbox 1227 2161 1282 2217; x_wconf 91' lang='lat' dir='ltr'><strong>hoc</strong></span> <span class='ocrx_word' id='word_1_248' title='bbox 1297 2164 1450 2234; x_wconf 82' lang='lat' dir='ltr'><strong>pretextu,</strong></span> <span class='ocrx_word' id='word_1_249' title='bbox 1467 2162 1544 2234; x_wconf 93' lang='lat' dir='ltr'><strong>quod</strong></span> <span class='ocrx_word' id='word_1_250' title='bbox 1562 2166 1629 2235; x_wconf 92' lang='lat' dir='ltr'><strong>post</strong></span> <span class='ocrx_word' id='word_1_251' title='bbox 1642 2161 1732 2219; x_wconf 86' lang='lat' dir='ltr'><strong>vitam</strong></span> <span class='ocrx_word' id='word_1_252' title='bbox 1748 2178 1869 2218; x_wconf 88' lang='lat' dir='ltr'><strong>monas·</strong></span> 
     </span>
     <span class='ocr_line' id='line_1_22' title="bbox 1043 2249 1868 2324; baseline -0.001 -17"><span class='ocrx_word' id='word_1_253' title='bbox 1043 2250 1129 2307; x_wconf 88' lang='lat' dir='ltr'><strong>ticam</strong></span> <span class='ocrx_word' id='word_1_254' title='bbox 1147 2249 1303 2323; x_wconf 72' lang='lat' dir='ltr'><strong>pontificiae</strong></span> <span class='ocrx_word' id='word_1_255' title='bbox 1328 2250 1391 2306; x_wconf 86' lang='lat' dir='ltr'><strong>sedi</strong></span> <span class='ocrx_word' id='word_1_256' title='bbox 1415 2250 1503 2307; x_wconf 85' lang='lat' dir='ltr'><strong>fuerit</strong></span> <span class='ocrx_word' id='word_1_257' title='bbox 1526 2256 1699 2308; x_wconf 89' lang='lat' dir='ltr'><strong>ornamento</strong></span> <span class='ocrx_word' id='word_1_258' title='bbox 1715 2250 1868 2324; x_wconf 69' lang='lat' dir='ltr'><strong>(Theodec).</strong></span> 
     </span>
     <span class='ocr_line' id='line_1_23' title="bbox 1043 2339 1868 2413; baseline -0.001 -18"><span class='ocrx_word' id='word_1_259' title='bbox 1043 2340 1093 2396; x_wconf 86' lang='lat' dir='ltr'><strong>leb.</strong></span> <span class='ocrx_word' id='word_1_260' title='bbox 1109 2357 1137 2396; x_wconf 85' lang='lat' dir='ltr'><strong>iv</strong></span> <span class='ocrx_word' id='word_1_261' title='bbox 1152 2340 1235 2397; x_wconf 82' lang='lat' dir='ltr'><strong>llist..</strong></span> <span class='ocrx_word' id='word_1_262' title='bbox 1250 2356 1311 2412; x_wconf 86' lang='lat' dir='ltr'><strong>cap.</strong></span> <span class='ocrx_word' id='word_1_263' title='bbox 1321 2339 1380 2412; x_wconf 84' lang='grc'>26).</span> <span class='ocrx_word' id='word_1_264' title='bbox 1395 2339 1467 2396; x_wconf 89' lang='lat' dir='ltr'><strong>Nam</strong></span> <span class='ocrx_word' id='word_1_265' title='bbox 1480 2339 1536 2397; x_wconf 91' lang='lat' dir='ltr'><strong>hcc</strong></span> <span class='ocrx_word' id='word_1_266' title='bbox 1550 2340 1669 2413; x_wconf 90' lang='lat' dir='ltr'><strong>quidam</strong></span> <span class='ocrx_word' id='word_1_267' title='bbox 1684 2344 1761 2397; x_wconf 89' lang='lat' dir='ltr'><strong>certe</strong></span> <span class='ocrx_word' id='word_1_268' title='bbox 1771 2340 1868 2397; x_wconf 91' lang='lat' dir='ltr'><strong>nomi·</strong></span> 
     </span>
     <span class='ocr_line' id='line_1_24' title="bbox 1043 2427 1867 2502; baseline -0.002 -17"><span class='ocrx_word' id='word_1_269' title='bbox 1043 2430 1156 2500; x_wconf 89' lang='lat' dir='ltr'><strong>nejure</strong></span> <span class='ocrx_word' id='word_1_270' title='bbox 1182 2429 1271 2485; x_wconf 82' lang='lat' dir='ltr'><strong>fuerit</strong></span> <span class='ocrx_word' id='word_1_271' title='bbox 1294 2427 1411 2501; x_wconf 78' lang='lat' dir='ltr'><strong>dignior</strong></span> <span class='ocrx_word' id='word_1_272' title='bbox 1440 2429 1490 2502; x_wconf 92' lang='lat' dir='ltr'><strong>qui</strong></span> <span class='ocrx_word' id='word_1_273' title='bbox 1518 2434 1774 2496; x_wconf 84' lang='lat' dir='ltr'><strong>commemoretur,</strong></span> <span class='ocrx_word' id='word_1_274' title='bbox 1790 2428 1867 2502; x_wconf 92' lang='lat' dir='ltr'><strong>quod</strong></span> 
     </span>
     <span class='ocr_line' id='line_1_25' title="bbox 1044 2518 1870 2588; baseline -0.001 -14"><span class='ocrx_word' id='word_1_275' title='bbox 1044 2519 1215 2575; x_wconf 89' lang='lat' dir='ltr'><strong>institutum</strong></span> <span class='ocrx_word' id='word_1_276' title='bbox 1229 2519 1296 2574; x_wconf 79' lang='lat' dir='ltr'><strong>vita</strong></span> <span class='ocrx_word' id='word_1_277' title='bbox 1307 2521 1422 2574; x_wconf 90' lang='lat' dir='ltr'><strong>mutare</strong></span> <span class='ocrx_word' id='word_1_278' title='bbox 1441 2523 1571 2588; x_wconf 88' lang='lat' dir='ltr'><strong>coaetus,</strong></span> <span class='ocrx_word' id='word_1_279' title='bbox 1585 2518 1676 2575; x_wconf 88' lang='lat' dir='ltr'><strong>vitam</strong></span> <span class='ocrx_word' id='word_1_280' title='bbox 1693 2535 1749 2575; x_wconf 93' lang='lat' dir='ltr'><strong>non</strong></span> <span class='ocrx_word' id='word_1_281' title='bbox 1772 2525 1870 2574; x_wconf 89' lang='lat' dir='ltr'><strong>muta·</strong></span> 
     </span>
    </p>

    <p class='ocr_par' dir='ltr' id='par_1_8' title="bbox 466 2594 1871 2766">
     <span class='ocr_line' id='line_1_26' title="bbox 466 2594 1870 2675; baseline 0.001 -13"><span class='ocrx_word' id='word_1_282' title='bbox 466 2594 584 2654; x_wconf 57' lang='lat' dir='ltr'>CAPUT</span> <span class='ocrx_word' id='word_1_283' title='bbox 598 2594 676 2651; x_wconf 80' lang='lat' dir='ltr'><strong>XVI·</strong></span> <span class='ocrx_word' id='word_1_284' title='bbox 1043 2608 1120 2663; x_wconf 89' lang='lat' dir='ltr'><strong>verit</strong></span> <span class='ocrx_word' id='word_1_285' title='bbox 1135 2624 1142 2675; x_wconf 92' lang='lat'>;</span> <span class='ocrx_word' id='word_1_286' title='bbox 1158 2607 1209 2663; x_wconf 89' lang='lat' dir='ltr'><strong>sed</strong></span> <span class='ocrx_word' id='word_1_287' title='bbox 1226 2623 1293 2663; x_wconf 92' lang='lat' dir='ltr'><strong>cum</strong></span> <span class='ocrx_word' id='word_1_288' title='bbox 1309 2607 1479 2664; x_wconf 77' lang='lat' dir='ltr'><strong>monasticae</strong></span> <span class='ocrx_word' id='word_1_289' title='bbox 1492 2607 1708 2666; x_wconf 80' lang='lat' dir='ltr'><strong>exercitationis</strong></span> <span class='ocrx_word' id='word_1_290' title='bbox 1719 2606 1870 2665; x_wconf 86' lang='lat' dir='ltr'><strong>transierit</strong></span> 
     </span>
     <span class='ocr_line' id='line_1_27' title="bbox 501 2683 1871 2766; baseline 0.001 -13"><span class='ocrx_word' id='word_1_291' title='bbox 501 2700 582 2740; x_wconf 68' lang='grc' dir='ltr'><strong>ΜΑΒΟ</strong></span> <span class='ocrx_word' id='word_1_292' title='bbox 597 2683 666 2754; x_wconf 75' lang='lat'><strong>(45).</strong></span> <span class='ocrx_word' id='word_1_293' title='bbox 1044 2695 1213 2766; x_wconf 80' lang='lat' dir='ltr'><strong>afflictione,</strong></span> <span class='ocrx_word' id='word_1_294' title='bbox 1228 2700 1258 2753; x_wconf 92' lang='lat' dir='ltr'><strong>et</strong></span> <span class='ocrx_word' id='word_1_295' title='bbox 1272 2695 1361 2753; x_wconf 89' lang='lat' dir='ltr'><strong>simul</strong></span> <span class='ocrx_word' id='word_1_296' title='bbox 1379 2698 1551 2753; x_wconf 86' lang='lat' dir='ltr'><strong>monasticia</strong></span> <span class='ocrx_word' id='word_1_297' title='bbox 1567 2697 1719 2754; x_wconf 89' lang='lat' dir='ltr'><strong>laboribus</strong></span> <span class='ocrx_word' id='word_1_298' title='bbox 1739 2701 1767 2754; x_wconf 86' lang='lat' dir='ltr'><strong>at</strong></span> <span class='ocrx_word' id='word_1_299' title='bbox 1790 2696 1871 2754; x_wconf 86' lang='lat' dir='ltr'><strong>curis</strong></span> 
     </span>
    </p>

    <p class='ocr_par' dir='ltr' id='par_1_9' title="bbox 166 2778 1875 4640">
     <span class='ocr_line' id='line_1_28' title="bbox 202 2778 1870 2860; baseline -0.009 -2"><span class='ocrx_word' id='word_1_300' title='bbox 202 2785 408 2858; x_wconf 63' lang='lat' dir='ltr'><strong>Mtfflssisi‘fflt</strong></span> <span class='ocrx_word' id='word_1_301' title='bbox 422 2780 673 2839; x_wconf 65' lang='lat' dir='ltr'><strong>husscfflfflnisseffl</strong></span> <span class='ocrx_word' id='word_1_302' title='bbox 686 2795 769 2848; x_wconf 67' lang='lat' dir='ltr'>31¹⁰OE</span> <span class='ocrx_word' id='word_1_303' title='bbox 784 2778 935 2851; x_wconf 68' lang='lat' dir='ltr'><strong>i⁸q⁰⁰sl¹¹⁰</strong></span> <span class='ocrx_word' id='word_1_304' title='bbox 946 2778 989 2833; x_wconf 65' lang='lat' dir='ltr'><strong>di·</strong></span> <span class='ocrx_word' id='word_1_305' title='bbox 1046 2784 1266 2859; x_wconf 82' lang='lat' dir='ltr'><strong>pontificalibus</strong></span> <span class='ocrx_word' id='word_1_306' title='bbox 1288 2786 1514 2855; x_wconf 89' lang='lat' dir='ltr'><strong>circumsessus,</strong></span> <span class='ocrx_word' id='word_1_307' title='bbox 1526 2786 1592 2842; x_wconf 86' lang='lat' dir='ltr'><strong>vitae</strong></span> <span class='ocrx_word' id='word_1_308' title='bbox 1615 2803 1734 2843; x_wconf 86' lang='lat' dir='ltr'><strong>cursum</strong></span> <span class='ocrx_word' id='word_1_309' title='bbox 1748 2802 1870 2860; x_wconf 86' lang='lat' dir='ltr'><strong>perege·</strong></span> 
     </span>
     <span class='ocr_line' id='line_1_29' title="bbox 166 2867 1872 2950; baseline -0.002 -14"><span class='ocrx_word' id='word_1_310' title='bbox 166 2877 444 2936; x_wconf 85' lang='lat' dir='ltr'><strong>vinumaanotorum</strong></span> <span class='ocrx_word' id='word_1_311' title='bbox 457 2868 825 2928; x_wconf 78' lang='lat' dir='ltr'><strong>ebarumoxomavit.hlam</strong></span> <span class='ocrx_word' id='word_1_312' title='bbox 836 2867 988 2939; x_wconf 82' lang='lat' dir='ltr'><strong>enimque</strong></span> <span class='ocrx_word' id='word_1_313' title='bbox 1041 2875 1089 2931; x_wconf 80' lang='lat' dir='ltr'><strong>rit.</strong></span> <span class='ocrx_word' id='word_1_314' title='bbox 1105 2878 1194 2931; x_wconf 84' lang='lat' dir='ltr'><strong>Porro</strong></span> <span class='ocrx_word' id='word_1_315' title='bbox 1209 2879 1305 2930; x_wconf 84' lang='lat' dir='ltr'><strong>autem</strong></span> <span class='ocrx_word' id='word_1_316' title='bbox 1321 2879 1366 2931; x_wconf 87' lang='lat' dir='ltr'><strong>eat</strong></span> <span class='ocrx_word' id='word_1_317' title='bbox 1382 2876 1428 2931; x_wconf 88' lang='lat' dir='ltr'><strong>iric</strong></span> <span class='ocrx_word' id='word_1_318' title='bbox 1444 2891 1563 2948; x_wconf 92' lang='lat' dir='ltr'><strong>quoque</strong></span> <span class='ocrx_word' id='word_1_319' title='bbox 1578 2876 1872 2950; x_wconf 83' lang='lat' dir='ltr'><strong>fruetuscyriregio-</strong></span> 
     </span>
     <span class='ocr_line' id='line_1_30' title="bbox 166 2956 1870 3040; baseline -0.002 -16"><span class='ocrx_word' id='word_1_320' title='bbox 166 2966 222 3025; x_wconf 90' lang='lat' dir='ltr'><strong>snb</strong></span> <span class='ocrx_word' id='word_1_321' title='bbox 237 2965 285 3022; x_wconf 90' lang='lat' dir='ltr'><strong>dio</strong></span> <span class='ocrx_word' id='word_1_322' title='bbox 302 2963 434 3020; x_wconf 83' lang='lat' dir='ltr'><strong>litvitum</strong></span> <span class='ocrx_word' id='word_1_323' title='bbox 446 2959 609 3033; x_wconf 84' lang='lat' dir='ltr'><strong>amplexus,</strong></span> <span class='ocrx_word' id='word_1_324' title='bbox 620 2956 989 3030; x_wconf 87' lang='lat' dir='ltr'><strong>occupavitquoddamca-</strong></span> <span class='ocrx_word' id='word_1_325' title='bbox 1042 2964 1155 3021; x_wconf 78' lang='lat' dir='ltr'><strong>nisilic</strong></span> <span class='ocrx_word' id='word_1_326' title='bbox 1172 2963 1251 3019; x_wconf 91' lang='lat' dir='ltr'><strong>enim</strong></span> <span class='ocrx_word' id='word_1_327' title='bbox 1263 2967 1291 3019; x_wconf 90' lang='lat' dir='ltr'><strong>ct</strong></span> <span class='ocrx_word' id='word_1_328' title='bbox 1302 2969 1390 3021; x_wconf 89' lang='lat' dir='ltr'><strong>natus</strong></span> <span class='ocrx_word' id='word_1_329' title='bbox 1402 2968 1432 3020; x_wconf 90' lang='lat' dir='ltr'><strong>et</strong></span> <span class='ocrx_word' id='word_1_330' title='bbox 1446 2965 1741 3039; x_wconf 86' lang='lat' dir='ltr'><strong>educatus,collegito</strong></span> <span class='ocrx_word' id='word_1_331' title='bbox 1751 2966 1870 3040; x_wconf 84' lang='lat' dir='ltr'><strong>pesvir·</strong></span> 
     </span>
     <span class='ocr_line' id='line_1_31' title="bbox 167 3046 1871 3126; baseline -0.001 -13"><span class='ocrx_word' id='word_1_332' title='bbox 167 3070 285 3121; x_wconf 88' lang='lat' dir='ltr'><strong>eumen,</strong></span> <span class='ocrx_word' id='word_1_333' title='bbox 297 3052 375 3126; x_wconf 89' lang='lat' dir='ltr'><strong>quod</strong></span> <span class='ocrx_word' id='word_1_334' title='bbox 390 3051 421 3106; x_wconf 90' lang='lat' dir='ltr'><strong>in</strong></span> <span class='ocrx_word' id='word_1_335' title='bbox 437 3050 546 3106; x_wconf 89' lang='lat' dir='ltr'><strong>honore</strong></span> <span class='ocrx_word' id='word_1_336' title='bbox 560 3046 726 3104; x_wconf 87' lang='lat' dir='ltr'><strong>habebatur</strong></span> <span class='ocrx_word' id='word_1_337' title='bbox 739 3046 775 3102; x_wconf 92' lang='lat' dir='ltr'><strong>ab</strong></span> <span class='ocrx_word' id='word_1_338' title='bbox 788 3047 825 3103; x_wconf 91' lang='lat' dir='ltr'><strong>iis</strong></span> <span class='ocrx_word' id='word_1_339' title='bbox 841 3046 891 3120; x_wconf 90' lang='lat' dir='ltr'><strong>qui</strong></span> <span class='ocrx_word' id='word_1_340' title='bbox 906 3050 990 3103; x_wconf 81' lang='lat' dir='ltr'><strong>erant</strong></span> <span class='ocrx_word' id='word_1_341' title='bbox 1044 3056 1119 3110; x_wconf 90' lang='lat' dir='ltr'><strong>tntis</strong></span> <span class='ocrx_word' id='word_1_342' title='bbox 1146 3053 1325 3109; x_wconf 76' lang='lat' dir='ltr'><strong>monastice.</strong></span> <span class='ocrx_word' id='word_1_343' title='bbox 1344 3053 1398 3118; x_wconf 85' lang='lat' dir='ltr'><strong>Qui</strong></span> <span class='ocrx_word' id='word_1_344' title='bbox 1415 3054 1494 3110; x_wconf 90' lang='lat' dir='ltr'><strong>enim</strong></span> <span class='ocrx_word' id='word_1_345' title='bbox 1515 3054 1603 3110; x_wconf 84' lang='lat' dir='ltr'><strong>simul</strong></span> <span class='ocrx_word' id='word_1_346' title='bbox 1620 3070 1686 3110; x_wconf 90' lang='lat' dir='ltr'><strong>cum</strong></span> <span class='ocrx_word' id='word_1_347' title='bbox 1707 3070 1740 3111; x_wconf 90' lang='lat' dir='ltr'><strong>eo</strong></span> <span class='ocrx_word' id='word_1_348' title='bbox 1763 3054 1871 3112; x_wconf 86' lang='lat' dir='ltr'><strong>versati</strong></span> 
     </span>
     <span class='ocr_line' id='line_1_32' title="bbox 166 3133 1874 3216; baseline -0.003 -12"><span class='ocrx_word' id='word_1_349' title='bbox 166 3145 237 3204; x_wconf 91' lang='lat' dir='ltr'><strong>olim</strong></span> <span class='ocrx_word' id='word_1_350' title='bbox 248 3141 349 3215; x_wconf 85' lang='lat' dir='ltr'><strong>impii;</strong></span> <span class='ocrx_word' id='word_1_351' title='bbox 366 3144 473 3198; x_wconf 90' lang='lat' dir='ltr'><strong>etcum</strong></span> <span class='ocrx_word' id='word_1_352' title='bbox 490 3138 568 3212; x_wconf 92' lang='lat' dir='ltr'><strong>qued</strong></span> <span class='ocrx_word' id='word_1_353' title='bbox 580 3133 991 3208; x_wconf 84' lang='lat' dir='ltr'><strong>ineoerattemplumdremo·</strong></span> <span class='ocrx_word' id='word_1_354' title='bbox 1008 3144 1030 3214; x_wconf 64' lang='grc' dir='ltr'><strong>(ζ</strong></span> <span class='ocrx_word' id='word_1_355' title='bbox 1049 3146 1130 3210; x_wconf 88' lang='lat' dir='ltr'><strong>sunt,</strong></span> <span class='ocrx_word' id='word_1_356' title='bbox 1144 3141 1247 3199; x_wconf 90' lang='lat' dir='ltr'><strong>dicunt</strong></span> <span class='ocrx_word' id='word_1_357' title='bbox 1261 3158 1327 3198; x_wconf 90' lang='lat' dir='ltr'><strong>eum</strong></span> <span class='ocrx_word' id='word_1_358' title='bbox 1344 3146 1373 3199; x_wconf 87' lang='lat' dir='ltr'><strong>et</strong></span> <span class='ocrx_word' id='word_1_359' title='bbox 1385 3142 1531 3214; x_wconf 83' lang='lat' dir='ltr'><strong>vigilando</strong></span> <span class='ocrx_word' id='word_1_360' title='bbox 1546 3147 1574 3199; x_wconf 89' lang='lat' dir='ltr'><strong>at</strong></span> <span class='ocrx_word' id='word_1_361' title='bbox 1585 3144 1689 3201; x_wconf 90' lang='lat' dir='ltr'><strong>stando</strong></span> <span class='ocrx_word' id='word_1_362' title='bbox 1700 3145 1874 3216; x_wconf 82' lang='lat' dir='ltr'><strong>ctjejunan·</strong></span> 
     </span>
     <span class='ocr_line' id='line_1_33' title="bbox 168 3227 1873 3304; baseline -0.002 -13"><span class='ocrx_word' id='word_1_363' title='bbox 168 3251 251 3291; x_wconf 88' lang='lat' dir='ltr'><strong>num.</strong></span> <span class='ocrx_word' id='word_1_364' title='bbox 282 3232 340 3288; x_wconf 88' lang='lat' dir='ltr'><strong>Dec</strong></span> <span class='ocrx_word' id='word_1_365' title='bbox 376 3230 587 3294; x_wconf 80' lang='lat' dir='ltr'><strong>consecrasset,</strong></span> <span class='ocrx_word' id='word_1_366' title='bbox 614 3227 644 3282; x_wconf 91' lang='lat' dir='ltr'><strong>io</strong></span> <span class='ocrx_word' id='word_1_367' title='bbox 670 3241 703 3282; x_wconf 87' lang='lat' dir='ltr'><strong>eo</strong></span> <span class='ocrx_word' id='word_1_368' title='bbox 723 3229 870 3292; x_wconf 84' lang='lat' dir='ltr'><strong>versatus,</strong></span> <span class='ocrx_word' id='word_1_369' title='bbox 906 3243 994 3298; x_wconf 88' lang='lat' dir='ltr'><strong>parvo</strong></span> <span class='ocrx_word' id='word_1_370' title='bbox 1047 3231 1084 3287; x_wconf 94' lang='lat' dir='ltr'><strong>do</strong></span> <span class='ocrx_word' id='word_1_371' title='bbox 1104 3230 1462 3302; x_wconf 86' lang='lat' dir='ltr'><strong>itacnrpusedemuissa,</strong></span> <span class='ocrx_word' id='word_1_372' title='bbox 1486 3233 1519 3286; x_wconf 91' lang='lat' dir='ltr'><strong>nt</strong></span> <span class='ocrx_word' id='word_1_373' title='bbox 1544 3230 1718 3304; x_wconf 88' lang='lat' dir='ltr'><strong>longissimo</strong></span> <span class='ocrx_word' id='word_1_374' title='bbox 1742 3235 1873 3304; x_wconf 87' lang='lat' dir='ltr'><strong>tempora</strong></span> 
     </span>
     <span class='ocr_line' id='line_1_34' title="bbox 171 3315 1870 3394; baseline -0.003 -16"><span class='ocrx_word' id='word_1_375' title='bbox 171 3323 299 3394; x_wconf 85' lang='lat' dir='ltr'><strong>quodam</strong></span> <span class='ocrx_word' id='word_1_376' title='bbox 315 3320 345 3374; x_wconf 94' lang='lat' dir='ltr'><strong>in</strong></span> <span class='ocrx_word' id='word_1_377' title='bbox 360 3334 393 3375; x_wconf 88' lang='lat' dir='ltr'><strong>eo</strong></span> <span class='ocrx_word' id='word_1_378' title='bbox 410 3318 466 3373; x_wconf 88' lang='lat' dir='ltr'><strong>tixo</strong></span> <span class='ocrx_word' id='word_1_379' title='bbox 479 3315 679 3383; x_wconf 79' lang='lat' dir='ltr'><strong>tabernaculo,</strong></span> <span class='ocrx_word' id='word_1_380' title='bbox 692 3317 859 3386; x_wconf 89' lang='lat' dir='ltr'><strong>quotamen</strong></span> <span class='ocrx_word' id='word_1_381' title='bbox 875 3321 996 3373; x_wconf 81' lang='lat' dir='ltr'><strong>corceat</strong></span> <span class='ocrx_word' id='word_1_382' title='bbox 1048 3318 1243 3392; x_wconf 84' lang='lat' dir='ltr'><strong>permanserit</strong></span> <span class='ocrx_word' id='word_1_383' title='bbox 1264 3318 1439 3388; x_wconf 88' lang='lat' dir='ltr'><strong>immobilis,</strong></span> <span class='ocrx_word' id='word_1_384' title='bbox 1472 3318 1593 3376; x_wconf 87' lang='lat' dir='ltr'><strong>minime</strong></span> <span class='ocrx_word' id='word_1_385' title='bbox 1617 3318 1717 3377; x_wconf 82' lang='lat' dir='ltr'><strong>valens</strong></span> <span class='ocrx_word' id='word_1_386' title='bbox 1744 3318 1870 3392; x_wconf 80' lang='lat' dir='ltr'><strong>ingredi.</strong></span> 
     </span>
     <span class='ocr_line' id='line_1_35' title="bbox 170 3402 1874 3480; baseline -0.002 -13"><span class='ocrx_word' id='word_1_387' title='bbox 170 3406 423 3469; x_wconf 79' lang='lat' dir='ltr'><strong>uauaNoneolum</strong></span> <span class='ocrx_word' id='word_1_388' title='bbox 436 3408 534 3461; x_wconf 73' lang='lat' dir='ltr'><strong>autem</strong></span> <span class='ocrx_word' id='word_1_389' title='bbox 546 3402 994 3472; x_wconf 65' lang='lat' dir='ltr'><strong>conmotisusttwflllttboribus,</strong></span> <span class='ocrx_word' id='word_1_390' title='bbox 1048 3408 1152 3466; x_wconf 84' lang='lat' dir='ltr'><strong>Divina</strong></span> <span class='ocrx_word' id='word_1_391' title='bbox 1166 3413 1263 3464; x_wconf 85' lang='lat' dir='ltr'><strong>autem</strong></span> <span class='ocrx_word' id='word_1_392' title='bbox 1279 3407 1462 3480; x_wconf 89' lang='lat' dir='ltr'><strong>providentia</strong></span> <span class='ocrx_word' id='word_1_393' title='bbox 1477 3407 1618 3465; x_wconf 87' lang='lat' dir='ltr'><strong>liberatus</strong></span> <span class='ocrx_word' id='word_1_394' title='bbox 1633 3409 1668 3465; x_wconf 90' lang='lat' dir='ltr'><strong>ab</strong></span> <span class='ocrx_word' id='word_1_395' title='bbox 1685 3408 1874 3465; x_wconf 87' lang='lat' dir='ltr'><strong>illaimbecil·</strong></span> 
     </span>
     <span class='ocr_line' id='line_1_36' title="bbox 170 3491 1872 3571; baseline -0.004 -12"><span class='ocrx_word' id='word_1_396' title='bbox 170 3501 221 3559; x_wconf 89' lang='lat' dir='ltr'><strong>sed</strong></span> <span class='ocrx_word' id='word_1_397' title='bbox 236 3497 327 3555; x_wconf 86' lang='lat' dir='ltr'><strong>etiam</strong></span> <span class='ocrx_word' id='word_1_398' title='bbox 337 3495 410 3554; x_wconf 88' lang='lat' dir='ltr'><strong>alios</strong></span> <span class='ocrx_word' id='word_1_399' title='bbox 423 3492 607 3566; x_wconf 87' lang='lat' dir='ltr'><strong>excogitavit,</strong></span> <span class='ocrx_word' id='word_1_400' title='bbox 615 3491 806 3548; x_wconf 88' lang='lat' dir='ltr'><strong>accumulans</strong></span> <span class='ocrx_word' id='word_1_401' title='bbox 816 3508 885 3564; x_wconf 88' lang='lat' dir='ltr'><strong>opes</strong></span> <span class='ocrx_word' id='word_1_402' title='bbox 897 3493 995 3565; x_wconf 92' lang='lat' dir='ltr'><strong>pbilo-</strong></span> <span class='ocrx_word' id='word_1_403' title='bbox 1048 3496 1140 3565; x_wconf 86' lang='lat' dir='ltr'><strong>litate,</strong></span> <span class='ocrx_word' id='word_1_404' title='bbox 1155 3496 1249 3553; x_wconf 91' lang='lat' dir='ltr'><strong>voluit</strong></span> <span class='ocrx_word' id='word_1_405' title='bbox 1259 3497 1360 3570; x_wconf 84' lang='lat' dir='ltr'><strong>gravio</strong></span> <span class='ocrx_word' id='word_1_406' title='bbox 1373 3496 1431 3568; x_wconf 90' lang='lat' dir='ltr'><strong>pati</strong></span> <span class='ocrx_word' id='word_1_407' title='bbox 1442 3497 1571 3570; x_wconf 89' lang='lat' dir='ltr'><strong>pericula</strong></span> <span class='ocrx_word' id='word_1_408' title='bbox 1586 3514 1637 3571; x_wconf 89' lang='lat' dir='ltr'><strong>pro</strong></span> <span class='ocrx_word' id='word_1_409' title='bbox 1655 3497 1753 3554; x_wconf 85' lang='lat' dir='ltr'><strong>divina</strong></span> <span class='ocrx_word' id='word_1_410' title='bbox 1767 3499 1872 3569; x_wconf 87' lang='lat' dir='ltr'><strong>gratia.</strong></span> 
     </span>
     <span class='ocr_line' id='line_1_37' title="bbox 169 3581 1871 3661; baseline -0.002 -14"><span class='ocrx_word' id='word_1_411' title='bbox 169 3588 298 3661; x_wconf 77' lang='lat' dir='ltr'><strong>sophie,</strong></span> <span class='ocrx_word' id='word_1_412' title='bbox 314 3588 452 3659; x_wconf 84' lang='lat' dir='ltr'><strong>agnoteta</strong></span> <span class='ocrx_word' id='word_1_413' title='bbox 466 3587 565 3639; x_wconf 87' lang='lat' dir='ltr'><strong>autem</strong></span> <span class='ocrx_word' id='word_1_414' title='bbox 581 3596 704 3639; x_wconf 89' lang='lat' dir='ltr'><strong>mensus</strong></span> <span class='ocrx_word' id='word_1_415' title='bbox 719 3584 765 3636; x_wconf 87' lang='lat' dir='ltr'><strong>cst</strong></span> <span class='ocrx_word' id='word_1_416' title='bbox 784 3581 910 3652; x_wconf 88' lang='lat' dir='ltr'><strong>gratiam</strong></span> <span class='ocrx_word' id='word_1_417' title='bbox 932 3584 996 3655; x_wconf 86' lang='lat' dir='ltr'><strong>ejus</strong></span> <span class='ocrx_word' id='word_1_418' title='bbox 1083 3586 1170 3644; x_wconf 89' lang='lat' dir='ltr'><strong>Venit</strong></span> <span class='ocrx_word' id='word_1_419' title='bbox 1181 3591 1280 3643; x_wconf 89' lang='lat' dir='ltr'><strong>autem</strong></span> <span class='ocrx_word' id='word_1_420' title='bbox 1296 3585 1327 3643; x_wconf 93' lang='lat' dir='ltr'><strong>in</strong></span> <span class='ocrx_word' id='word_1_421' title='bbox 1342 3586 1493 3651; x_wconf 83' lang='lat' dir='ltr'><strong>Libanum,</strong></span> <span class='ocrx_word' id='word_1_422' title='bbox 1509 3602 1576 3642; x_wconf 92' lang='lat' dir='ltr'><strong>cum</strong></span> <span class='ocrx_word' id='word_1_423' title='bbox 1597 3586 1751 3642; x_wconf 88' lang='lat' dir='ltr'><strong>didicisset</strong></span> <span class='ocrx_word' id='word_1_424' title='bbox 1774 3586 1871 3643; x_wconf 85' lang='lat' dir='ltr'><strong>vicom</strong></span> 
     </span>
     <span class='ocr_line' id='line_1_38' title="bbox 168 3670 1872 3749; baseline -0.003 -13"><span class='ocrx_word' id='word_1_425' title='bbox 168 3678 331 3738; x_wconf 89' lang='lat' dir='ltr'><strong>laboribus.</strong></span> <span class='ocrx_word' id='word_1_426' title='bbox 344 3673 487 3732; x_wconf 86' lang='lat' dir='ltr'><strong>Liberalis</strong></span> <span class='ocrx_word' id='word_1_427' title='bbox 503 3672 618 3729; x_wconf 90' lang='lat' dir='ltr'><strong>enimet</strong></span> <span class='ocrx_word' id='word_1_428' title='bbox 634 3670 793 3727; x_wconf 86' lang='lat' dir='ltr'><strong>muniiicus</strong></span> <span class='ocrx_word' id='word_1_429' title='bbox 808 3675 883 3727; x_wconf 86' lang='lat' dir='ltr'><strong>Deus</strong></span> <span class='ocrx_word' id='word_1_430' title='bbox 896 3671 922 3728; x_wconf 90' lang='lat' dir='ltr'><strong>ei</strong></span> <span class='ocrx_word' id='word_1_431' title='bbox 933 3676 993 3728; x_wconf 90' lang='lat' dir='ltr'><strong>tum</strong></span> <span class='ocrx_word' id='word_1_432' title='bbox 1049 3675 1308 3749; x_wconf 88' lang='lat' dir='ltr'><strong>quemdamtenari</strong></span> <span class='ocrx_word' id='word_1_433' title='bbox 1323 3690 1430 3747; x_wconf 89' lang='lat' dir='ltr'><strong>magna</strong></span> <span class='ocrx_word' id='word_1_434' title='bbox 1440 3674 1601 3746; x_wconf 87' lang='lat' dir='ltr'><strong>impietatis</strong></span> <span class='ocrx_word' id='word_1_435' title='bbox 1614 3673 1739 3748; x_wconf 91' lang='lat' dir='ltr'><strong>caligine</strong></span> <span class='ocrx_word' id='word_1_436' title='bbox 1750 3695 1757 3745; x_wconf 78' lang='grc' dir='ltr'>ς</span> <span class='ocrx_word' id='word_1_437' title='bbox 1769 3681 1798 3732; x_wconf 90' lang='lat' dir='ltr'><strong>et</strong></span> <span class='ocrx_word' id='word_1_438' title='bbox 1808 3692 1872 3749; x_wconf 90' lang='lat' dir='ltr'><strong>pcr-</strong></span> 
     </span>
     <span class='ocr_line' id='line_1_39' title="bbox 168 3759 1873 3843; baseline -0.004 -16"><span class='ocrx_word' id='word_1_439' title='bbox 168 3767 285 3843; x_wconf 87' lang='lat' dir='ltr'><strong>ecpiose</strong></span> <span class='ocrx_word' id='word_1_440' title='bbox 300 3764 382 3823; x_wconf 90' lang='lat' dir='ltr'><strong>dedit</strong></span> <span class='ocrx_word' id='word_1_441' title='bbox 395 3765 505 3821; x_wconf 93' lang='lat' dir='ltr'><strong>donum</strong></span> <span class='ocrx_word' id='word_1_442' title='bbox 521 3759 720 3828; x_wconf 86' lang='lat' dir='ltr'><strong>curationum,</strong></span> <span class='ocrx_word' id='word_1_443' title='bbox 732 3763 764 3816; x_wconf 91' lang='lat' dir='ltr'><strong>nt</strong></span> <span class='ocrx_word' id='word_1_444' title='bbox 777 3759 808 3815; x_wconf 92' lang='lat' dir='ltr'><strong>in</strong></span> <span class='ocrx_word' id='word_1_445' title='bbox 820 3760 995 3832; x_wconf 89' lang='lat' dir='ltr'><strong>omnesqui·</strong></span> <span class='ocrx_word' id='word_1_446' title='bbox 1049 3765 1300 3822; x_wconf 87' lang='lat' dir='ltr'><strong>sonamereateris</strong></span> <span class='ocrx_word' id='word_1_447' title='bbox 1315 3763 1399 3821; x_wconf 88' lang='lat' dir='ltr'><strong>vultu</strong></span> <span class='ocrx_word' id='word_1_448' title='bbox 1414 3762 1507 3821; x_wconf 89' lang='lat' dir='ltr'><strong>celato</strong></span> <span class='ocrx_word' id='word_1_449' title='bbox 1518 3765 1767 3832; x_wconf 67' lang='lat' dir='ltr'><strong>monasticarum</strong></span> <span class='ocrx_word' id='word_1_450' title='bbox 1777 3763 1873 3837; x_wconf 90' lang='lat' dir='ltr'><strong>iisqui</strong></span> 
     </span>
     <span class='ocr_line' id='line_1_40' title="bbox 168 3851 1872 3927; baseline -0.003 -10"><span class='ocrx_word' id='word_1_451' title='bbox 168 3860 235 3917; x_wconf 91' lang='lat' dir='ltr'><strong>dam</strong></span> <span class='ocrx_word' id='word_1_452' title='bbox 251 3861 350 3921; x_wconf 84' lang='lat' dir='ltr'><strong>partes</strong></span> <span class='ocrx_word' id='word_1_453' title='bbox 373 3857 438 3926; x_wconf 89' lang='lat' dir='ltr'><strong>ejns</strong></span> <span class='ocrx_word' id='word_1_454' title='bbox 457 3853 550 3927; x_wconf 89' lang='lat' dir='ltr'><strong>gloria</strong></span> <span class='ocrx_word' id='word_1_455' title='bbox 574 3851 744 3925; x_wconf 86' lang='lat' dir='ltr'><strong>pervaserit,</strong></span> <span class='ocrx_word' id='word_1_456' title='bbox 769 3867 871 3908; x_wconf 90' lang='lat' dir='ltr'><strong>omnes</strong></span> <span class='ocrx_word' id='word_1_457' title='bbox 896 3856 993 3907; x_wconf 89' lang='lat' dir='ltr'><strong>autem</strong></span> <span class='ocrx_word' id='word_1_458' title='bbox 1050 3854 1138 3911; x_wconf 90' lang='lat' dir='ltr'><strong>simul</strong></span> <span class='ocrx_word' id='word_1_459' title='bbox 1148 3855 1342 3911; x_wconf 89' lang='lat' dir='ltr'><strong>versabantur</strong></span> <span class='ocrx_word' id='word_1_460' title='bbox 1355 3854 1452 3910; x_wconf 86' lang='lat' dir='ltr'><strong>terens</strong></span> <span class='ocrx_word' id='word_1_461' title='bbox 1466 3853 1613 3912; x_wconf 86' lang='lat' dir='ltr'><strong>canistros</strong></span> <span class='ocrx_word' id='word_1_462' title='bbox 1628 3859 1769 3927; x_wconf 89' lang='lat' dir='ltr'><strong>tanquam</strong></span> <span class='ocrx_word' id='word_1_463' title='bbox 1782 3870 1872 3912; x_wconf 90' lang='lat' dir='ltr'><strong>nuces</strong></span> 
     </span>
     <span class='ocr_line' id='line_1_41' title="bbox 170 3939 1873 4021; baseline -0.004 -15"><span class='ocrx_word' id='word_1_464' title='bbox 170 3949 301 4021; x_wconf 90' lang='lat' dir='ltr'><strong>undique</strong></span> <span class='ocrx_word' id='word_1_465' title='bbox 330 3943 494 4012; x_wconf 84' lang='lat' dir='ltr'><strong>attraxerit,</strong></span> <span class='ocrx_word' id='word_1_466' title='bbox 511 3943 589 3999; x_wconf 71' lang='lat' dir='ltr'><strong>88AE</strong></span> <span class='ocrx_word' id='word_1_467' title='bbox 608 3946 638 3998; x_wconf 93' lang='lat' dir='ltr'><strong>et</strong></span> <span class='ocrx_word' id='word_1_468' title='bbox 661 3939 840 4013; x_wconf 84' lang='lat' dir='ltr'><strong>experientia</strong></span> <span class='ocrx_word' id='word_1_469' title='bbox 864 3939 996 3996; x_wconf 90' lang='lat' dir='ltr'><strong>docuerit</strong></span> <span class='ocrx_word' id='word_1_470' title='bbox 1049 3949 1203 4016; x_wconf 88' lang='lat' dir='ltr'><strong>empturus</strong></span> <span class='ocrx_word' id='word_1_471' title='bbox 1215 3944 1306 4016; x_wconf 88' lang='lat' dir='ltr'><strong>(bunc</strong></span> <span class='ocrx_word' id='word_1_472' title='bbox 1317 3945 1397 4001; x_wconf 89' lang='lat' dir='ltr'><strong>enirn</strong></span> <span class='ocrx_word' id='word_1_473' title='bbox 1413 3944 1541 4000; x_wconf 82' lang='lat' dir='ltr'><strong>fructum</strong></span> <span class='ocrx_word' id='word_1_474' title='bbox 1554 3944 1697 4017; x_wconf 83' lang='lat' dir='ltr'><strong>precipue</strong></span> <span class='ocrx_word' id='word_1_475' title='bbox 1710 3945 1873 4002; x_wconf 83' lang='lat' dir='ltr'><strong>terebatvi·</strong></span> 
     </span>
     <span class='ocr_line' id='line_1_42' title="bbox 169 4031 1873 4108; baseline -0.006 -8"><span class='ocrx_word' id='word_1_476' title='bbox 169 4058 234 4100; x_wconf 91' lang='lat' dir='ltr'><strong>eam</strong></span> <span class='ocrx_word' id='word_1_477' title='bbox 251 4041 360 4096; x_wconf 83' lang='lat' dir='ltr'><strong>tamam</strong></span> <span class='ocrx_word' id='word_1_478' title='bbox 377 4053 441 4095; x_wconf 89' lang='lat' dir='ltr'><strong>esse</strong></span> <span class='ocrx_word' id='word_1_479' title='bbox 453 4052 562 4091; x_wconf 88' lang='lat' dir='ltr'><strong>veram.</strong></span> <span class='ocrx_word' id='word_1_480' title='bbox 583 4034 687 4089; x_wconf 88' lang='lat' dir='ltr'><strong>Videre</strong></span> <span class='ocrx_word' id='word_1_481' title='bbox 696 4031 774 4088; x_wconf 89' lang='lat' dir='ltr'><strong>enim</strong></span> <span class='ocrx_word' id='word_1_482' title='bbox 786 4036 848 4087; x_wconf 90' lang='lat' dir='ltr'><strong>erat</strong></span> <span class='ocrx_word' id='word_1_483' title='bbox 858 4033 887 4088; x_wconf 92' lang='lat' dir='ltr'><strong>et</strong></span> <span class='ocrx_word' id='word_1_484' title='bbox 901 4032 995 4089; x_wconf 81' lang='lat' dir='ltr'><strong>tebras</strong></span> <span class='ocrx_word' id='word_1_485' title='bbox 1049 4034 1123 4106; x_wconf 83' lang='lat' dir='ltr'><strong>eus),</strong></span> <span class='ocrx_word' id='word_1_486' title='bbox 1135 4049 1203 4089; x_wconf 90' lang='lat' dir='ltr'><strong>cum</strong></span> <span class='ocrx_word' id='word_1_487' title='bbox 1214 4033 1333 4089; x_wconf 90' lang='lat' dir='ltr'><strong>domurn</strong></span> <span class='ocrx_word' id='word_1_488' title='bbox 1346 4033 1547 4103; x_wconf 86' lang='lat' dir='ltr'><strong>conduxisset,</strong></span> <span class='ocrx_word' id='word_1_489' title='bbox 1556 4033 1873 4108; x_wconf 87' lang='lat' dir='ltr'><strong>etaiiquantumpccn·</strong></span> 
     </span>
     <span class='ocr_line' id='line_1_43' title="bbox 170 4119 1873 4201; baseline -0.005 -14"><span class='ocrx_word' id='word_1_490' title='bbox 170 4127 316 4201; x_wconf 84' lang='lat' dir='ltr'><strong>exstingui</strong></span> <span class='ocrx_word' id='word_1_491' title='bbox 331 4142 395 4183; x_wconf 91' lang='lat' dir='ltr'><strong>rore</strong></span> <span class='ocrx_word' id='word_1_492' title='bbox 410 4121 634 4191; x_wconf 83' lang='lat' dir='ltr'><strong>benedictionis,</strong></span> <span class='ocrx_word' id='word_1_493' title='bbox 651 4124 681 4177; x_wconf 90' lang='lat' dir='ltr'><strong>et</strong></span> <span class='ocrx_word' id='word_1_494' title='bbox 697 4119 847 4176; x_wconf 86' lang='lat' dir='ltr'><strong>horrorem</strong></span> <span class='ocrx_word' id='word_1_495' title='bbox 869 4137 993 4189; x_wconf 86' lang='lat' dir='ltr'><strong>cessare,</strong></span> <span class='ocrx_word' id='word_1_496' title='bbox 1049 4122 1104 4178; x_wconf 79' lang='lat' dir='ltr'><strong>nire</strong></span> <span class='ocrx_word' id='word_1_497' title='bbox 1120 4127 1312 4195; x_wconf 74' lang='lat' dir='ltr'><strong>praerogasset</strong></span> <span class='ocrx_word' id='word_1_498' title='bbox 1326 4120 1678 4193; x_wconf 86' lang='lat' dir='ltr'><strong>possessoribus,quievit</strong></span> <span class='ocrx_word' id='word_1_499' title='bbox 1688 4121 1806 4194; x_wconf 90' lang='lat' dir='ltr'><strong>quidem</strong></span> <span class='ocrx_word' id='word_1_500' title='bbox 1814 4127 1873 4178; x_wconf 83' lang='lat' dir='ltr'><strong>tres</strong></span> 
     </span>
     <span class='ocr_line' id='line_1_44' title="bbox 170 4208 1873 4285; baseline -0.005 -11"><span class='ocrx_word' id='word_1_501' title='bbox 170 4222 200 4275; x_wconf 89' lang='lat' dir='ltr'><strong>ct</strong></span> <span class='ocrx_word' id='word_1_502' title='bbox 222 4219 370 4274; x_wconf 78' lang='lat' dir='ltr'><strong>demones</strong></span> <span class='ocrx_word' id='word_1_503' title='bbox 395 4217 506 4285; x_wconf 87' lang='lat' dir='ltr'><strong>t&#39;ugere,</strong></span> <span class='ocrx_word' id='word_1_504' title='bbox 521 4213 551 4266; x_wconf 88' lang='lat' dir='ltr'><strong>et</strong></span> <span class='ocrx_word' id='word_1_505' title='bbox 574 4208 672 4265; x_wconf 85' lang='lat' dir='ltr'><strong>varios</strong></span> <span class='ocrx_word' id='word_1_506' title='bbox 696 4208 852 4280; x_wconf 91' lang='lat' dir='ltr'><strong>omnisque</strong></span> <span class='ocrx_word' id='word_1_507' title='bbox 880 4210 995 4281; x_wconf 87' lang='lat' dir='ltr'><strong>generis</strong></span> <span class='ocrx_word' id='word_1_508' title='bbox 1049 4209 1873 4284; x_wconf 87' lang='lat' dir='ltr'><strong>etquatuordies.Daindepanlatimdivinumaggressos</strong></span> 
     </span>
     <span class='ocr_line' id='line_1_45' title="bbox 171 4297 1871 4373; baseline -0.004 -10"><span class='ocrx_word' id='word_1_509' title='bbox 171 4307 356 4364; x_wconf 88' lang='lat' dir='ltr'><strong>morbosuno</strong></span> <span class='ocrx_word' id='word_1_510' title='bbox 366 4301 463 4360; x_wconf 91' lang='lat' dir='ltr'><strong>curari</strong></span> <span class='ocrx_word' id='word_1_511' title='bbox 475 4299 699 4355; x_wconf 86' lang='lat' dir='ltr'><strong>medicamento.</strong></span> <span class='ocrx_word' id='word_1_512' title='bbox 712 4297 831 4354; x_wconf 76' lang='lat' dir='ltr'><strong>Mendici</strong></span> <span class='ocrx_word' id='word_1_513' title='bbox 842 4299 920 4355; x_wconf 89' lang='lat' dir='ltr'><strong>enim</strong></span> <span class='ocrx_word' id='word_1_514' title='bbox 931 4298 995 4355; x_wconf 90' lang='lat' dir='ltr'><strong>uni·</strong></span> <span class='ocrx_word' id='word_1_515' title='bbox 1048 4305 1094 4358; x_wconf 87' lang='lat' dir='ltr'><strong>est</strong></span> <span class='ocrx_word' id='word_1_516' title='bbox 1106 4300 1248 4370; x_wconf 83' lang='lat' dir='ltr'><strong>officium,</strong></span> <span class='ocrx_word' id='word_1_517' title='bbox 1260 4306 1346 4358; x_wconf 91' lang='lat' dir='ltr'><strong>utens</strong></span> <span class='ocrx_word' id='word_1_518' title='bbox 1355 4316 1423 4356; x_wconf 88' lang='lat' dir='ltr'><strong>voce</strong></span> <span class='ocrx_word' id='word_1_519' title='bbox 1434 4300 1595 4356; x_wconf 89' lang='lat' dir='ltr'><strong>moderata.</strong></span> <span class='ocrx_word' id='word_1_520' title='bbox 1604 4304 1763 4373; x_wconf 87' lang='lat' dir='ltr'><strong>Postquam</strong></span> <span class='ocrx_word' id='word_1_521' title='bbox 1772 4304 1871 4356; x_wconf 90' lang='lat' dir='ltr'><strong>autem</strong></span> 
     </span>
     <span class='ocr_line' id='line_1_46' title="bbox 169 4387 1874 4467; baseline -0.004 -16"><span class='ocrx_word' id='word_1_522' title='bbox 169 4394 276 4467; x_wconf 88' lang='lat' dir='ltr'><strong>cuique</strong></span> <span class='ocrx_word' id='word_1_523' title='bbox 305 4393 406 4450; x_wconf 90' lang='lat' dir='ltr'><strong>morbo</strong></span> <span class='ocrx_word' id='word_1_524' title='bbox 430 4389 569 4447; x_wconf 81' lang='lat' dir='ltr'><strong>exhibent</strong></span> <span class='ocrx_word' id='word_1_525' title='bbox 595 4388 773 4445; x_wconf 88' lang='lat' dir='ltr'><strong>conveniens</strong></span> <span class='ocrx_word' id='word_1_526' title='bbox 797 4388 994 4445; x_wconf 87' lang='lat' dir='ltr'><strong>medicamen·</strong></span> <span class='ocrx_word' id='word_1_527' title='bbox 1049 4393 1205 4447; x_wconf 80' lang='lat' dir='ltr'><strong>senserunt</strong></span> <span class='ocrx_word' id='word_1_528' title='bbox 1220 4388 1412 4462; x_wconf 88' lang='lat' dir='ltr'><strong>psalmodias,</strong></span> <span class='ocrx_word' id='word_1_529' title='bbox 1433 4405 1527 4460; x_wconf 79' lang='lat' dir='ltr'><strong>preco</strong></span> <span class='ocrx_word' id='word_1_530' title='bbox 1543 4388 1663 4459; x_wconf 89' lang='lat' dir='ltr'><strong>quidem</strong></span> <span class='ocrx_word' id='word_1_531' title='bbox 1684 4387 1832 4456; x_wconf 79' lang='lat' dir='ltr'><strong>clamarit,</strong></span> <span class='ocrx_word' id='word_1_532' title='bbox 1846 4393 1874 4445; x_wconf 90' lang='lat' dir='ltr'><strong>et</strong></span> 
     </span>
     <span class='ocr_line' id='line_1_47' title="bbox 169 4476 1875 4581; baseline -0.005 -40"><span class='ocrx_word' id='word_1_533' title='bbox 169 4489 243 4552; x_wconf 88' lang='lat' dir='ltr'><strong>tum,</strong></span> <span class='ocrx_word' id='word_1_534' title='bbox 267 4488 435 4540; x_wconf 87' lang='lat' dir='ltr'><strong>sanctornm</strong></span> <span class='ocrx_word' id='word_1_535' title='bbox 460 4482 557 4535; x_wconf 89' lang='lat' dir='ltr'><strong>autem</strong></span> <span class='ocrx_word' id='word_1_536' title='bbox 587 4477 752 4547; x_wconf 90' lang='lat' dir='ltr'><strong>deprecatio</strong></span> <span class='ocrx_word' id='word_1_537' title='bbox 777 4480 822 4533; x_wconf 85' lang='lat' dir='ltr'><strong>est</strong></span> <span class='ocrx_word' id='word_1_538' title='bbox 837 4493 994 4535; x_wconf 90' lang='lat' dir='ltr'><strong>commune</strong></span> <span class='ocrx_word' id='word_1_539' title='bbox 1009 4513 1033 4581; x_wconf 71' lang='grc' dir='ltr'>ὓ</span> <span class='ocrx_word' id='word_1_540' title='bbox 1048 4494 1151 4535; x_wconf 89' lang='lat' dir='ltr'><strong>omnes</strong></span> <span class='ocrx_word' id='word_1_541' title='bbox 1165 4476 1344 4534; x_wconf 89' lang='lat' dir='ltr'><strong>convocavit.</strong></span> <span class='ocrx_word' id='word_1_542' title='bbox 1357 4478 1553 4533; x_wconf 73' lang='lat' dir='ltr'><strong>lirantautem</strong></span> <span class='ocrx_word' id='word_1_543' title='bbox 1567 4476 1656 4533; x_wconf 90' lang='lat' dir='ltr'><strong>simul</strong></span> <span class='ocrx_word' id='word_1_544' title='bbox 1669 4477 1835 4550; x_wconf 88' lang='lat' dir='ltr'><strong>congregati</strong></span> <span class='ocrx_word' id='word_1_545' title='bbox 1846 4481 1875 4534; x_wconf 89' lang='lat' dir='ltr'><strong>et</strong></span> 
     </span>
     <span class='ocr_line' id='line_1_48' title="bbox 168 4564 1875 4640; baseline -0.005 -8"><span class='ocrx_word' id='word_1_546' title='bbox 168 4568 300 4632; x_wconf 91' lang='lat' dir='ltr'><strong>omnium</strong></span> <span class='ocrx_word' id='word_1_547' title='bbox 313 4570 482 4627; x_wconf 90' lang='lat' dir='ltr'><strong>morborum</strong></span> <span class='ocrx_word' id='word_1_548' title='bbox 500 4565 672 4624; x_wconf 88' lang='lat' dir='ltr'><strong>remedium.</strong></span> <span class='ocrx_word' id='word_1_549' title='bbox 1047 4567 1100 4624; x_wconf 80' lang='lat' dir='ltr'><strong>uiri</strong></span> <span class='ocrx_word' id='word_1_550' title='bbox 1113 4571 1142 4624; x_wconf 92' lang='lat' dir='ltr'><strong>et</strong></span> <span class='ocrx_word' id='word_1_551' title='bbox 1156 4568 1239 4640; x_wconf 91' lang='lat' dir='ltr'><strong>pueri</strong></span> <span class='ocrx_word' id='word_1_552' title='bbox 1255 4570 1284 4623; x_wconf 90' lang='lat' dir='ltr'><strong>et</strong></span> <span class='ocrx_word' id='word_1_553' title='bbox 1298 4566 1455 4636; x_wconf 84' lang='lat' dir='ltr'><strong>mulieres;</strong></span> <span class='ocrx_word' id='word_1_554' title='bbox 1472 4571 1501 4623; x_wconf 90' lang='lat' dir='ltr'><strong>et</strong></span> <span class='ocrx_word' id='word_1_555' title='bbox 1521 4565 1679 4622; x_wconf 82' lang='lat' dir='ltr'><strong>contractis</strong></span> <span class='ocrx_word' id='word_1_556' title='bbox 1692 4564 1875 4623; x_wconf 87' lang='lat' dir='ltr'><strong>extrinsecus</strong></span> 
     </span>
    </p>

    <p class='ocr_par' dir='ltr' id='par_1_10' title="bbox 165 4653 1878 5085">
     <span class='ocr_line' id='line_1_49' title="bbox 203 4653 1876 4729; baseline -0.004 -11"><span class='ocrx_word' id='word_1_557' title='bbox 203 4662 267 4719; x_wconf 93' lang='lat' dir='ltr'><strong>Non</strong></span> <span class='ocrx_word' id='word_1_558' title='bbox 282 4658 378 4718; x_wconf 86' lang='lat' dir='ltr'><strong>nolum</strong></span> <span class='ocrx_word' id='word_1_559' title='bbox 395 4663 491 4715; x_wconf 87' lang='lat' dir='ltr'><strong>autem</strong></span> <span class='ocrx_word' id='word_1_560' title='bbox 510 4656 685 4713; x_wconf 87' lang='lat' dir='ltr'><strong>medebatur</strong></span> <span class='ocrx_word' id='word_1_561' title='bbox 698 4654 917 4727; x_wconf 86' lang='lat' dir='ltr'><strong>egritudinibus</strong></span> <span class='ocrx_word' id='word_1_562' title='bbox 931 4672 996 4713; x_wconf 93' lang='lat' dir='ltr'><strong>cor-</strong></span> <span class='ocrx_word' id='word_1_563' title='bbox 1048 4657 1170 4726; x_wconf 86' lang='lat' dir='ltr'><strong>ioribua,</strong></span> <span class='ocrx_word' id='word_1_564' title='bbox 1188 4658 1314 4729; x_wconf 88' lang='lat' dir='ltr'><strong>desuper</strong></span> <span class='ocrx_word' id='word_1_565' title='bbox 1330 4673 1364 4712; x_wconf 89' lang='lat' dir='ltr'><strong>ex</strong></span> <span class='ocrx_word' id='word_1_566' title='bbox 1378 4660 1453 4713; x_wconf 91' lang='lat' dir='ltr'><strong>tecto</strong></span> <span class='ocrx_word' id='word_1_567' title='bbox 1469 4653 1595 4711; x_wconf 88' lang='lat' dir='ltr'><strong>multum</strong></span> <span class='ocrx_word' id='word_1_568' title='bbox 1609 4653 1755 4728; x_wconf 84' lang='lat' dir='ltr'><strong>pulverem</strong></span> <span class='ocrx_word' id='word_1_569' title='bbox 1768 4671 1876 4728; x_wconf 89' lang='lat' dir='ltr'><strong>conge·</strong></span> 
     </span>
     <span class='ocr_line' id='line_1_50' title="bbox 168 4744 1877 4825; baseline -0.004 -18"><span class='ocrx_word' id='word_1_570' title='bbox 168 4751 260 4825; x_wconf 86' lang='lat' dir='ltr'><strong>poris,</strong></span> <span class='ocrx_word' id='word_1_571' title='bbox 276 4750 328 4806; x_wconf 88' lang='lat' dir='ltr'><strong>sed</strong></span> <span class='ocrx_word' id='word_1_572' title='bbox 354 4749 444 4805; x_wconf 90' lang='lat' dir='ltr'><strong>etiarn</strong></span> <span class='ocrx_word' id='word_1_573' title='bbox 459 4745 568 4803; x_wconf 89' lang='lat' dir='ltr'><strong>animis</strong></span> <span class='ocrx_word' id='word_1_574' title='bbox 594 4745 815 4801; x_wconf 87' lang='lat' dir='ltr'><strong>convenientem</strong></span> <span class='ocrx_word' id='word_1_575' title='bbox 838 4744 995 4802; x_wconf 84' lang='lat' dir='ltr'><strong>exhibebat</strong></span> <span class='ocrx_word' id='word_1_576' title='bbox 1048 4749 1146 4802; x_wconf 87' lang='lat' dir='ltr'><strong>rentes</strong></span> <span class='ocrx_word' id='word_1_577' title='bbox 1161 4746 1348 4816; x_wconf 81' lang='lat' dir='ltr'><strong>dejiciebant.</strong></span> <span class='ocrx_word' id='word_1_578' title='bbox 1364 4749 1524 4818; x_wconf 79' lang='lat' dir='ltr'><strong>Postquam</strong></span> <span class='ocrx_word' id='word_1_579' title='bbox 1541 4749 1640 4800; x_wconf 90' lang='lat' dir='ltr'><strong>autem</strong></span> <span class='ocrx_word' id='word_1_580' title='bbox 1664 4761 1714 4801; x_wconf 90' lang='lat' dir='ltr'><strong>eos</strong></span> <span class='ocrx_word' id='word_1_581' title='bbox 1733 4745 1877 4801; x_wconf 85' lang='lat' dir='ltr'><strong>viderunt</strong></span> 
     </span>
     <span class='ocr_line' id='line_1_51' title="bbox 167 4831 1875 4908; baseline -0.005 -10"><span class='ocrx_word' id='word_1_582' title='bbox 167 4839 352 4898; x_wconf 90' lang='lat' dir='ltr'><strong>curationem</strong></span> <span class='ocrx_word' id='word_1_583' title='bbox 366 4853 373 4905; x_wconf 91' lang='lat'>;</span> <span class='ocrx_word' id='word_1_584' title='bbox 390 4836 481 4908; x_wconf 89' lang='lat' dir='ltr'><strong>hujus</strong></span> <span class='ocrx_word' id='word_1_585' title='bbox 496 4834 615 4907; x_wconf 91' lang='lat' dir='ltr'><strong>quidem</strong></span> <span class='ocrx_word' id='word_1_586' title='bbox 640 4832 804 4903; x_wconf 90' lang='lat' dir='ltr'><strong>avaritiam,</strong></span> <span class='ocrx_word' id='word_1_587' title='bbox 821 4831 902 4889; x_wconf 87' lang='lat' dir='ltr'><strong>illius</strong></span> <span class='ocrx_word' id='word_1_588' title='bbox 925 4850 992 4892; x_wconf 88' lang='lat' dir='ltr'><strong>vcro</strong></span> <span class='ocrx_word' id='word_1_589' title='bbox 1047 4834 1184 4892; x_wconf 79' lang='lat' dir='ltr'><strong>suffocari</strong></span> <span class='ocrx_word' id='word_1_590' title='bbox 1200 4841 1227 4890; x_wconf 89' lang='lat' dir='ltr'><strong>et</strong></span> <span class='ocrx_word' id='word_1_591' title='bbox 1242 4833 1340 4904; x_wconf 92' lang='lat' dir='ltr'><strong>obrui,</strong></span> <span class='ocrx_word' id='word_1_592' title='bbox 1357 4838 1385 4888; x_wconf 92' lang='lat' dir='ltr'><strong>ot</strong></span> <span class='ocrx_word' id='word_1_593' title='bbox 1401 4850 1453 4889; x_wconf 92' lang='lat' dir='ltr'><strong>nec</strong></span> <span class='ocrx_word' id='word_1_594' title='bbox 1469 4831 1581 4905; x_wconf 88' lang='lat' dir='ltr'><strong>aliquid</strong></span> <span class='ocrx_word' id='word_1_595' title='bbox 1596 4832 1675 4889; x_wconf 91' lang='lat' dir='ltr'><strong>aliud</strong></span> <span class='ocrx_word' id='word_1_596' title='bbox 1691 4832 1765 4889; x_wconf 87' lang='lat' dir='ltr'><strong>velle</strong></span> <span class='ocrx_word' id='word_1_597' title='bbox 1780 4834 1875 4890; x_wconf 84' lang='lat' dir='ltr'><strong>iacere</strong></span> 
     </span>
     <span class='ocr_line' id='line_1_52' title="bbox 165 4921 1873 4994; baseline -0.005 -7"><span class='ocrx_word' id='word_1_598' title='bbox 165 4946 274 4987; x_wconf 90' lang='lat' dir='ltr'><strong>curans</strong></span> <span class='ocrx_word' id='word_1_599' title='bbox 287 4924 470 4985; x_wconf 88' lang='lat' dir='ltr'><strong>iracundiam</strong></span> <span class='ocrx_word' id='word_1_600' title='bbox 484 4943 492 4993; x_wconf 89' lang='grc'><strong>;</strong></span> <span class='ocrx_word' id='word_1_601' title='bbox 508 4928 537 4979; x_wconf 91' lang='lat' dir='ltr'><strong>ct</strong></span> <span class='ocrx_word' id='word_1_602' title='bbox 553 4922 603 4978; x_wconf 92' lang='lat' dir='ltr'><strong>uni</strong></span> <span class='ocrx_word' id='word_1_603' title='bbox 630 4921 750 4994; x_wconf 91' lang='lat' dir='ltr'><strong>quidem</strong></span> <span class='ocrx_word' id='word_1_604' title='bbox 766 4921 908 4978; x_wconf 87' lang='lat' dir='ltr'><strong>exbibens</strong></span> <span class='ocrx_word' id='word_1_605' title='bbox 922 4924 994 4979; x_wconf 92' lang='lat' dir='ltr'><strong>doc·</strong></span> <span class='ocrx_word' id='word_1_606' title='bbox 1047 4939 1100 4979; x_wconf 90' lang='lat' dir='ltr'><strong>nce</strong></span> <span class='ocrx_word' id='word_1_607' title='bbox 1114 4923 1222 4994; x_wconf 89' lang='lat' dir='ltr'><strong>dicare,</strong></span> <span class='ocrx_word' id='word_1_608' title='bbox 1236 4924 1286 4979; x_wconf 88' lang='lat' dir='ltr'><strong>aed</strong></span> <span class='ocrx_word' id='word_1_609' title='bbox 1302 4921 1399 4979; x_wconf 88' lang='lat' dir='ltr'><strong>solum</strong></span> <span class='ocrx_word' id='word_1_610' title='bbox 1408 4921 1466 4979; x_wconf 86' lang='lat' dir='ltr'><strong>Deo</strong></span> <span class='ocrx_word' id='word_1_611' title='bbox 1481 4937 1582 4994; x_wconf 89' lang='lat' dir='ltr'><strong>preces</strong></span> <span class='ocrx_word' id='word_1_612' title='bbox 1594 4923 1707 4993; x_wconf 88' lang='lat' dir='ltr'><strong>otlerre,</strong></span> <span class='ocrx_word' id='word_1_613' title='bbox 1721 4922 1873 4979; x_wconf 90' lang='lat' dir='ltr'><strong>seniorum</strong></span> 
     </span>
     <span class='ocr_line' id='line_1_53' title="bbox 165 5009 1878 5085; baseline -0.005 -11"><span class='ocrx_word' id='word_1_614' title='bbox 165 5019 275 5075; x_wconf 87' lang='lat' dir='ltr'><strong>trinam</strong></span> <span class='ocrx_word' id='word_1_615' title='bbox 293 5013 514 5081; x_wconf 87' lang='lat' dir='ltr'><strong>moderationis,</strong></span> <span class='ocrx_word' id='word_1_616' title='bbox 532 5011 615 5068; x_wconf 89' lang='lat' dir='ltr'><strong>alteri</strong></span> <span class='ocrx_word' id='word_1_617' title='bbox 628 5009 992 5084; x_wconf 86' lang='lat' dir='ltr'><strong>veredisoiplinamjusti·</strong></span> <span class='ocrx_word' id='word_1_618' title='bbox 1047 5012 1161 5069; x_wconf 91' lang='lat' dir='ltr'><strong>monitu</strong></span> <span class='ocrx_word' id='word_1_619' title='bbox 1177 5012 1356 5069; x_wconf 90' lang='lat' dir='ltr'><strong>destiterunt</strong></span> <span class='ocrx_word' id='word_1_620' title='bbox 1373 5012 1409 5067; x_wconf 92' lang='lat' dir='ltr'><strong>ab</strong></span> <span class='ocrx_word' id='word_1_621' title='bbox 1425 5010 1553 5068; x_wconf 86' lang='lat' dir='ltr'><strong>insania.</strong></span> <span class='ocrx_word' id='word_1_622' title='bbox 1567 5010 1685 5081; x_wconf 77' lang='lat' dir='ltr'><strong>Deinde,</strong></span> <span class='ocrx_word' id='word_1_623' title='bbox 1698 5011 1796 5085; x_wconf 87' lang='lat' dir='ltr'><strong>aperis</strong></span> <span class='ocrx_word' id='word_1_624' title='bbox 1810 5011 1878 5068; x_wconf 84' lang='lat' dir='ltr'><strong>tori-</strong></span> 
     </span>
    </p>
   </div>
   <div class='ocr_carea' id='block_1_7' title="bbox 163 2028 991 2543">
    <p class='ocr_par' dir='ltr' id='par_1_11' title="bbox 163 2028 991 2199">
     <span class='ocr_line' id='line_1_54' title="bbox 166 2028 991 2110; baseline -0.013 -14"><span class='ocrx_word' id='word_1_625' title='bbox 166 2039 195 2096; x_wconf 90' lang='lat' dir='ltr'><strong>in</strong></span> <span class='ocrx_word' id='word_1_626' title='bbox 213 2035 381 2110; x_wconf 69' lang='lat' dir='ltr'><strong>futurolerit</strong></span> <span class='ocrx_word' id='word_1_627' title='bbox 395 2034 490 2091; x_wconf 72' lang='lat' dir='ltr'><strong>barres</strong></span> <span class='ocrx_word' id='word_1_628' title='bbox 504 2032 568 2090; x_wconf 80' lang='lat' dir='ltr'><strong>vite</strong></span> <span class='ocrx_word' id='word_1_629' title='bbox 583 2037 707 2089; x_wconf 79' lang='lat' dir='ltr'><strong>aeterne.</strong></span> <span class='ocrx_word' id='word_1_630' title='bbox 731 2031 796 2086; x_wconf 70' lang='lat' dir='ltr'><strong>llaec</strong></span> <span class='ocrx_word' id='word_1_631' title='bbox 811 2034 840 2086; x_wconf 93' lang='lat' dir='ltr'><strong>ct</strong></span> <span class='ocrx_word' id='word_1_632' title='bbox 865 2028 939 2085; x_wconf 89' lang='lat' dir='ltr'><strong>dixit</strong></span> <span class='ocrx_word' id='word_1_633' title='bbox 962 2033 991 2085; x_wconf 92' lang='lat' dir='ltr'><strong>et</strong></span> 
     </span>
     <span class='ocr_line' id='line_1_55' title="bbox 163 2123 445 2199; baseline -0.021 -15"><span class='ocrx_word' id='word_1_634' title='bbox 163 2126 233 2185; x_wconf 85' lang='lat' dir='ltr'><strong>fecit</strong></span> <span class='ocrx_word' id='word_1_635' title='bbox 248 2126 357 2199; x_wconf 70' lang='lat' dir='ltr'><strong>(lluttlr.</strong></span> <span class='ocrx_word' id='word_1_636' title='bbox 373 2123 445 2195; x_wconf 77' lang='lat' dir='ltr'><strong>xix).</strong></span> 
     </span>
    </p>

    <p class='ocr_par' dir='ltr' id='par_1_12' title="bbox 164 2206 989 2543">
     <span class='ocr_line' id='line_1_56' title="bbox 198 2206 989 2290; baseline -0.014 -15"><span class='ocrx_word' id='word_1_637' title='bbox 198 2215 288 2277; x_wconf 91' lang='lat' dir='ltr'><strong>Nobis</strong></span> <span class='ocrx_word' id='word_1_638' title='bbox 304 2230 420 2290; x_wconf 90' lang='lat' dir='ltr'><strong>quoque</strong></span> <span class='ocrx_word' id='word_1_639' title='bbox 436 2212 515 2270; x_wconf 85' lang='lat' dir='ltr'><strong>adsit</strong></span> <span class='ocrx_word' id='word_1_640' title='bbox 524 2215 553 2269; x_wconf 92' lang='lat' dir='ltr'><strong>et</strong></span> <span class='ocrx_word' id='word_1_641' title='bbox 569 2224 706 2268; x_wconf 86' lang='lat' dir='ltr'><strong>sermone</strong></span> <span class='ocrx_word' id='word_1_642' title='bbox 720 2213 845 2282; x_wconf 89' lang='lat' dir='ltr'><strong>etopere</strong></span> <span class='ocrx_word' id='word_1_643' title='bbox 856 2206 989 2275; x_wconf 89' lang='lat' dir='ltr'><strong>eruditis,</strong></span> 
     </span>
     <span class='ocr_line' id='line_1_57' title="bbox 164 2298 989 2378; baseline -0.016 -14"><span class='ocrx_word' id='word_1_644' title='bbox 164 2311 194 2365; x_wconf 89' lang='lat' dir='ltr'><strong>et</strong></span> <span class='ocrx_word' id='word_1_645' title='bbox 208 2321 308 2364; x_wconf 90' lang='lat' dir='ltr'><strong>eornm</strong></span> <span class='ocrx_word' id='word_1_646' title='bbox 319 2303 457 2378; x_wconf 86' lang='lat' dir='ltr'><strong>precibus</strong></span> <span class='ocrx_word' id='word_1_647' title='bbox 467 2301 587 2372; x_wconf 80' lang='lat' dir='ltr'><strong>innixis,</strong></span> <span class='ocrx_word' id='word_1_648' title='bbox 598 2304 883 2372; x_wconf 88' lang='lat' dir='ltr'><strong>tanquamacopnm,</strong></span> <span class='ocrx_word' id='word_1_649' title='bbox 898 2298 989 2355; x_wconf 91' lang='lat' dir='ltr'><strong>attin·</strong></span> 
     </span>
     <span class='ocr_line' id='line_1_58' title="bbox 164 2385 988 2471; baseline -0.015 -17"><span class='ocrx_word' id='word_1_650' title='bbox 164 2413 232 2471; x_wconf 84' lang='lat' dir='ltr'><strong>gare</strong></span> <span class='ocrx_word' id='word_1_651' title='bbox 256 2393 411 2467; x_wconf 78' lang='lat' dir='ltr'><strong>preamium</strong></span> <span class='ocrx_word' id='word_1_652' title='bbox 437 2406 572 2463; x_wconf 85' lang='lat' dir='ltr'><strong>superna</strong></span> <span class='ocrx_word' id='word_1_653' title='bbox 596 2387 769 2454; x_wconf 84' lang='lat' dir='ltr'><strong>vocationis,</strong></span> <span class='ocrx_word' id='word_1_654' title='bbox 798 2404 862 2459; x_wconf 79' lang='lat' dir='ltr'><strong>quae</strong></span> <span class='ocrx_word' id='word_1_655' title='bbox 886 2390 932 2443; x_wconf 88' lang='lat' dir='ltr'><strong>est</strong></span> <span class='ocrx_word' id='word_1_656' title='bbox 958 2385 988 2442; x_wconf 93' lang='lat' dir='ltr'><strong>in</strong></span> 
     </span>
     <span class='ocr_line' id='line_1_59' title="bbox 164 2480 629 2543; baseline -0.022 0"><span class='ocrx_word' id='word_1_657' title='bbox 164 2484 280 2542; x_wconf 80' lang='lat' dir='ltr'><strong>Christo</strong></span> <span class='ocrx_word' id='word_1_658' title='bbox 294 2482 363 2540; x_wconf 81' lang='lat' dir='ltr'><strong>lesu</strong></span> <span class='ocrx_word' id='word_1_659' title='bbox 379 2480 505 2543; x_wconf 88' lang='lat' dir='ltr'><strong>Domino</strong></span> <span class='ocrx_word' id='word_1_660' title='bbox 518 2482 629 2536; x_wconf 86' lang='lat' dir='ltr'><strong>nostro.</strong></span> 
     </span>
    </p>
   </div>
   <div class='ocr_carea' id='block_1_8' title="bbox 165 5097 992 5715">
    <p class='ocr_par' dir='ltr' id='par_1_13' title="bbox 165 5097 992 5715">
     <span class='ocr_line' id='line_1_60' title="bbox 166 5097 992 5176; baseline -0.007 -14"><span class='ocrx_word' id='word_1_661' title='bbox 166 5107 225 5176; x_wconf 85' lang='lat' dir='ltr'><strong>tica,</strong></span> <span class='ocrx_word' id='word_1_662' title='bbox 241 5111 271 5163; x_wconf 89' lang='lat' dir='ltr'><strong>et</strong></span> <span class='ocrx_word' id='word_1_663' title='bbox 291 5104 374 5162; x_wconf 89' lang='lat' dir='ltr'><strong>illius</strong></span> <span class='ocrx_word' id='word_1_664' title='bbox 400 5102 521 5176; x_wconf 90' lang='lat' dir='ltr'><strong>quidem</strong></span> <span class='ocrx_word' id='word_1_665' title='bbox 549 5099 697 5171; x_wconf 86' lang='lat' dir='ltr'><strong>castigans</strong></span> <span class='ocrx_word' id='word_1_666' title='bbox 722 5097 992 5170; x_wconf 87' lang='lat' dir='ltr'><strong>intemperantiam,</strong></span> 
     </span>
     <span class='ocr_line' id='line_1_61' title="bbox 165 5190 992 5264; baseline -0.01 -11"><span class='ocrx_word' id='word_1_667' title='bbox 165 5198 246 5253; x_wconf 86' lang='lat' dir='ltr'><strong>illius</strong></span> <span class='ocrx_word' id='word_1_668' title='bbox 259 5214 326 5254; x_wconf 87' lang='lat' dir='ltr'><strong>vero</strong></span> <span class='ocrx_word' id='word_1_669' title='bbox 341 5197 473 5253; x_wconf 88' lang='lat' dir='ltr'><strong>excitans</strong></span> <span class='ocrx_word' id='word_1_670' title='bbox 488 5191 710 5249; x_wconf 86' lang='lat' dir='ltr'><strong>hebetudinem.</strong></span> <span class='ocrx_word' id='word_1_671' title='bbox 728 5190 787 5246; x_wconf 83' lang='lat' dir='ltr'><strong>liae</strong></span> <span class='ocrx_word' id='word_1_672' title='bbox 803 5195 889 5247; x_wconf 90' lang='lat' dir='ltr'><strong>utens</strong></span> <span class='ocrx_word' id='word_1_673' title='bbox 913 5192 992 5264; x_wconf 85' lang='lat' dir='ltr'><strong>agri-</strong></span> 
     </span>
     <span class='ocr_line' id='line_1_62' title="bbox 165 5276 992 5356; baseline -0.01 -14"><span class='ocrx_word' id='word_1_674' title='bbox 165 5285 293 5356; x_wconf 90' lang='lat' dir='ltr'><strong>cultura,</strong></span> <span class='ocrx_word' id='word_1_675' title='bbox 306 5284 401 5340; x_wconf 84' lang='lat' dir='ltr'><strong>etlecit</strong></span> <span class='ocrx_word' id='word_1_676' title='bbox 410 5281 518 5339; x_wconf 85' lang='lat' dir='ltr'><strong>multas</strong></span> <span class='ocrx_word' id='word_1_677' title='bbox 530 5278 647 5352; x_wconf 88' lang='lat' dir='ltr'><strong>plantas</strong></span> <span class='ocrx_word' id='word_1_678' title='bbox 658 5276 851 5350; x_wconf 77' lang='lat' dir='ltr'><strong>philosophia</strong></span> <span class='ocrx_word' id='word_1_679' title='bbox 866 5282 912 5346; x_wconf 85' lang='lat' dir='ltr'><strong>;et</strong></span> <span class='ocrx_word' id='word_1_680' title='bbox 923 5279 992 5335; x_wconf 86' lang='lat' dir='ltr'><strong>bor·</strong></span> 
     </span>
     <span class='ocr_line' id='line_1_63' title="bbox 166 5366 991 5445; baseline -0.008 -14"><span class='ocrx_word' id='word_1_681' title='bbox 166 5382 230 5431; x_wconf 88' lang='lat' dir='ltr'><strong>tum</strong></span> <span class='ocrx_word' id='word_1_682' title='bbox 247 5374 295 5445; x_wconf 91' lang='lat' dir='ltr'><strong>qui</strong></span> <span class='ocrx_word' id='word_1_683' title='bbox 316 5388 395 5428; x_wconf 91' lang='lat' dir='ltr'><strong>nunc</strong></span> <span class='ocrx_word' id='word_1_684' title='bbox 410 5371 555 5444; x_wconf 87' lang='lat' dir='ltr'><strong>germinat</strong></span> <span class='ocrx_word' id='word_1_685' title='bbox 568 5368 598 5424; x_wconf 93' lang='lat' dir='ltr'><strong>in</strong></span> <span class='ocrx_word' id='word_1_686' title='bbox 616 5368 733 5439; x_wconf 90' lang='lat' dir='ltr'><strong>regione</strong></span> <span class='ocrx_word' id='word_1_687' title='bbox 748 5366 823 5439; x_wconf 78' lang='lat' dir='ltr'><strong>Cyri,</strong></span> <span class='ocrx_word' id='word_1_688' title='bbox 849 5367 913 5439; x_wconf 89' lang='lat' dir='ltr'><strong>ipse</strong></span> <span class='ocrx_word' id='word_1_689' title='bbox 933 5369 991 5424; x_wconf 90' lang='lat' dir='ltr'><strong>Dco</strong></span> 
     </span>
     <span class='ocr_line' id='line_1_64' title="bbox 167 5457 991 5538; baseline -0.006 -19"><span class='ocrx_word' id='word_1_690' title='bbox 167 5462 321 5538; x_wconf 88' lang='lat' dir='ltr'><strong>plantaxit.</strong></span> <span class='ocrx_word' id='word_1_691' title='bbox 335 5461 431 5532; x_wconf 88' lang='lat' dir='ltr'><strong>Hujus</strong></span> <span class='ocrx_word' id='word_1_692' title='bbox 446 5457 638 5531; x_wconf 89' lang='lat' dir='ltr'><strong>plantationis</strong></span> <span class='ocrx_word' id='word_1_693' title='bbox 651 5472 726 5527; x_wconf 91' lang='lat' dir='ltr'><strong>opus</strong></span> <span class='ocrx_word' id='word_1_694' title='bbox 741 5459 787 5511; x_wconf 89' lang='lat' dir='ltr'><strong>eet</strong></span> <span class='ocrx_word' id='word_1_695' title='bbox 803 5472 928 5529; x_wconf 86' lang='lat' dir='ltr'><strong>magnus</strong></span> <span class='ocrx_word' id='word_1_696' title='bbox 942 5457 991 5514; x_wconf 84' lang='lat' dir='ltr'><strong>Ja-</strong></span> 
     </span>
     <span class='ocr_line' id='line_1_65' title="bbox 166 5543 992 5623; baseline -0.008 -14"><span class='ocrx_word' id='word_1_697' title='bbox 166 5552 270 5623; x_wconf 91' lang='lat' dir='ltr'><strong>cobus,</strong></span> <span class='ocrx_word' id='word_1_698' title='bbox 286 5551 322 5607; x_wconf 91' lang='lat' dir='ltr'><strong>ad</strong></span> <span class='ocrx_word' id='word_1_699' title='bbox 337 5565 424 5622; x_wconf 87' lang='lat' dir='ltr'><strong>quem</strong></span> <span class='ocrx_word' id='word_1_700' title='bbox 436 5547 586 5619; x_wconf 90' lang='lat' dir='ltr'><strong>quispiam</strong></span> <span class='ocrx_word' id='word_1_701' title='bbox 596 5561 696 5602; x_wconf 86' lang='lat' dir='ltr'><strong>vocem</strong></span> <span class='ocrx_word' id='word_1_702' title='bbox 707 5543 915 5601; x_wconf 87' lang='lat' dir='ltr'><strong>illamtraxcrit</strong></span> <span class='ocrx_word' id='word_1_703' title='bbox 926 5563 992 5617; x_wconf 93' lang='lat' dir='ltr'><strong>pro·</strong></span> 
     </span>
     <span class='ocr_line' id='line_1_66' title="bbox 167 5634 992 5715; baseline -0.004 -19"><span class='ocrx_word' id='word_1_704' title='bbox 167 5641 328 5715; x_wconf 87' lang='lat' dir='ltr'><strong>pheticam;</strong></span> <span class='ocrx_word' id='word_1_705' title='bbox 358 5640 512 5708; x_wconf 89' lang='lat' dir='ltr'><strong>Tanquam</strong></span> <span class='ocrx_word' id='word_1_706' title='bbox 540 5636 646 5691; x_wconf 88' lang='lat' dir='ltr'><strong>cedrus</strong></span> <span class='ocrx_word' id='word_1_707' title='bbox 675 5650 739 5706; x_wconf 78' lang='lat' dir='ltr'><strong>qua</strong></span> <span class='ocrx_word' id='word_1_708' title='bbox 764 5637 810 5689; x_wconf 85' lang='lat' dir='ltr'><strong>cst</strong></span> <span class='ocrx_word' id='word_1_709' title='bbox 834 5634 863 5690; x_wconf 89' lang='lat' dir='ltr'><strong>in</strong></span> <span class='ocrx_word' id='word_1_710' title='bbox 880 5635 992 5693; x_wconf 88' lang='lat' dir='ltr'><strong>Libano</strong></span> 
     </span>
    </p>
   </div>
   <div class='ocr_carea' id='block_1_9' title="bbox 1045 5100 1878 5715">
    <p class='ocr_par' dir='ltr' id='par_1_14' title="bbox 1045 5100 1878 5715">
     <span class='ocr_line' id='line_1_67' title="bbox 1046 5100 1878 5173; baseline 0 -15"><span class='ocrx_word' id='word_1_711' title='bbox 1046 5102 1113 5171; x_wconf 89' lang='lat' dir='ltr'><strong>bus,</strong></span> <span class='ocrx_word' id='word_1_712' title='bbox 1130 5118 1196 5159; x_wconf 92' lang='lat' dir='ltr'><strong>cum</strong></span> <span class='ocrx_word' id='word_1_713' title='bbox 1213 5117 1264 5158; x_wconf 88' lang='lat' dir='ltr'><strong>eos</strong></span> <span class='ocrx_word' id='word_1_714' title='bbox 1279 5100 1446 5158; x_wconf 86' lang='lat' dir='ltr'><strong>evasissent</strong></span> <span class='ocrx_word' id='word_1_715' title='bbox 1461 5100 1496 5155; x_wconf 90' lang='lat' dir='ltr'><strong>ab</strong></span> <span class='ocrx_word' id='word_1_716' title='bbox 1520 5113 1636 5173; x_wconf 89' lang='lat' dir='ltr'><strong>aggere,</strong></span> <span class='ocrx_word' id='word_1_717' title='bbox 1650 5100 1805 5172; x_wconf 87' lang='lat' dir='ltr'><strong>jusserunt</strong></span> <span class='ocrx_word' id='word_1_718' title='bbox 1826 5117 1878 5158; x_wconf 90' lang='lat' dir='ltr'><strong>ces</strong></span> 
     </span>
     <span class='ocr_line' id='line_1_68' title="bbox 1046 5190 1876 5260; baseline 0 -13"><span class='ocrx_word' id='word_1_719' title='bbox 1046 5190 1876 5260; x_wconf 83' lang='lat' dir='ltr'><strong>atatimabire.Sedeodemtemporeveneruutexactores,</strong></span> 
     </span>
     <span class='ocr_line' id='line_1_69' title="bbox 1046 5276 1878 5353; baseline -0.002 -17"><span class='ocrx_word' id='word_1_720' title='bbox 1046 5280 1096 5353; x_wconf 90' lang='lat' dir='ltr'><strong>qui</strong></span> <span class='ocrx_word' id='word_1_721' title='bbox 1113 5296 1162 5336; x_wconf 91' lang='lat' dir='ltr'><strong>eos</strong></span> <span class='ocrx_word' id='word_1_722' title='bbox 1178 5278 1331 5352; x_wconf 87' lang='lat' dir='ltr'><strong>vectigalia</strong></span> <span class='ocrx_word' id='word_1_723' title='bbox 1347 5278 1490 5350; x_wconf 84' lang='lat' dir='ltr'><strong>cogebant</strong></span> <span class='ocrx_word' id='word_1_724' title='bbox 1506 5276 1664 5347; x_wconf 85' lang='lat' dir='ltr'><strong>exsolvere,</strong></span> <span class='ocrx_word' id='word_1_725' title='bbox 1680 5282 1708 5334; x_wconf 88' lang='lat' dir='ltr'><strong>et</strong></span> <span class='ocrx_word' id='word_1_726' title='bbox 1723 5277 1797 5334; x_wconf 91' lang='lat' dir='ltr'><strong>alios</strong></span> <span class='ocrx_word' id='word_1_727' title='bbox 1813 5277 1878 5352; x_wconf 92' lang='lat' dir='ltr'><strong>qui-</strong></span> 
     </span>
     <span class='ocr_line' id='line_1_70' title="bbox 1046 5366 1876 5438; baseline -0.002 -12"><span class='ocrx_word' id='word_1_728' title='bbox 1046 5371 1111 5426; x_wconf 88' lang='lat' dir='ltr'><strong>dem</strong></span> <span class='ocrx_word' id='word_1_729' title='bbox 1128 5386 1162 5425; x_wconf 88' lang='lat' dir='ltr'><strong>ax</strong></span> <span class='ocrx_word' id='word_1_730' title='bbox 1176 5368 1213 5424; x_wconf 90' lang='lat' dir='ltr'><strong>iis</strong></span> <span class='ocrx_word' id='word_1_731' title='bbox 1229 5369 1407 5438; x_wconf 87' lang='lat' dir='ltr'><strong>vinciebant,</strong></span> <span class='ocrx_word' id='word_1_732' title='bbox 1424 5366 1497 5423; x_wconf 86' lang='lat' dir='ltr'><strong>alies</strong></span> <span class='ocrx_word' id='word_1_733' title='bbox 1512 5382 1579 5422; x_wconf 89' lang='lat' dir='ltr'><strong>vero</strong></span> <span class='ocrx_word' id='word_1_734' title='bbox 1596 5383 1647 5438; x_wconf 91' lang='lat' dir='ltr'><strong>pcr</strong></span> <span class='ocrx_word' id='word_1_735' title='bbox 1662 5366 1876 5424; x_wconf 90' lang='lat' dir='ltr'><strong>contumeliam</strong></span> 
     </span>
     <span class='ocr_line' id='line_1_71' title="bbox 1046 5454 1875 5525; baseline -0.002 -9"><span class='ocrx_word' id='word_1_736' title='bbox 1046 5458 1215 5516; x_wconf 86' lang='lat' dir='ltr'><strong>alliciebant</strong></span> <span class='ocrx_word' id='word_1_737' title='bbox 1229 5457 1421 5513; x_wconf 87' lang='lat' dir='ltr'><strong>verberibus:</strong></span> <span class='ocrx_word' id='word_1_738' title='bbox 1438 5456 1489 5513; x_wconf 89' lang='lat' dir='ltr'><strong>scd</strong></span> <span class='ocrx_word' id='word_1_739' title='bbox 1505 5455 1549 5510; x_wconf 90' lang='lat' dir='ltr'><strong>vir</strong></span> <span class='ocrx_word' id='word_1_740' title='bbox 1564 5454 1751 5525; x_wconf 82' lang='lat' dir='ltr'><strong>illedirinus,</strong></span> <span class='ocrx_word' id='word_1_741' title='bbox 1761 5456 1875 5514; x_wconf 81' lang='lat' dir='ltr'><strong>nullius</strong></span> 
     </span>
     <span class='ocr_line' id='line_1_72' title="bbox 1045 5545 1875 5620; baseline -0.001 -15"><span class='ocrx_word' id='word_1_742' title='bbox 1045 5565 1080 5605; x_wconf 88' lang='lat' dir='ltr'><strong>ex</strong></span> <span class='ocrx_word' id='word_1_743' title='bbox 1094 5547 1130 5603; x_wconf 88' lang='lat' dir='ltr'><strong>iis</strong></span> <span class='ocrx_word' id='word_1_744' title='bbox 1147 5546 1247 5619; x_wconf 81' lang='lat' dir='ltr'><strong>quein</strong></span> <span class='ocrx_word' id='word_1_745' title='bbox 1260 5546 1423 5620; x_wconf 85' lang='lat' dir='ltr'><strong>ipsosiacta</strong></span> <span class='ocrx_word' id='word_1_746' title='bbox 1435 5545 1875 5616; x_wconf 87' lang='lat' dir='ltr'><strong>crantrecordatus,Dominum</strong></span> 
     </span>
     <span class='ocr_line' id='line_1_73' title="bbox 1046 5634 1878 5715; baseline -0.001 -21"><span class='ocrx_word' id='word_1_747' title='bbox 1046 5637 1178 5706; x_wconf 89' lang='lat' dir='ltr'><strong>imitans,</strong></span> <span class='ocrx_word' id='word_1_748' title='bbox 1195 5636 1246 5708; x_wconf 91' lang='lat' dir='ltr'><strong>qni</strong></span> <span class='ocrx_word' id='word_1_749' title='bbox 1263 5635 1342 5692; x_wconf 92' lang='lat' dir='ltr'><strong>cruci</strong></span> <span class='ocrx_word' id='word_1_750' title='bbox 1359 5635 1476 5702; x_wconf 77' lang='lat' dir='ltr'><strong>affixus,</strong></span> <span class='ocrx_word' id='word_1_751' title='bbox 1492 5649 1593 5691; x_wconf 88' lang='lat' dir='ltr'><strong>eorum</strong></span> <span class='ocrx_word' id='word_1_752' title='bbox 1611 5635 1660 5707; x_wconf 90' lang='lat' dir='ltr'><strong>qui</strong></span> <span class='ocrx_word' id='word_1_753' title='bbox 1673 5634 1728 5692; x_wconf 87' lang='lat' dir='ltr'><strong>hoc</strong></span> <span class='ocrx_word' id='word_1_754' title='bbox 1744 5634 1878 5715; x_wconf 81' lang='lat' dir='ltr'><strong>fecerent</strong></span> 
     </span>
    </p>
   </div>
   <div class='ocr_carea' id='block_1_10' title="bbox 0 0 1988 6240">
    <p class='ocr_par' dir='ltr' id='par_1_15' title="bbox 0 0 1988 6240">
     <span class='ocr_line' id='line_1_74' title="bbox 0 0 1988 6240; baseline 0 0"><span class='ocrx_word' id='word_1_755' title='bbox 0 0 1988 6240; x_wconf 95' lang='lat' dir='ltr'><strong> </strong></span> 
     </span>
    </p>
   </div>
  </div>
 </body>
</html>
