3930 6240
82 328 118 384 er
655 318 895 387 rnraorsaus,
914 314 1231 374 emansosauss.
1760 328 1797 385 93

89 450 358 513 mumradioemad
367 465 399 507 sa
409 448 515 506 deterri
523 447 709 520 jussisset,nt
718 444 769 518 qui
783 443 918 501 adalium
932 439 961 508 Α
975 455 1042 497 rum
1051 455 1127 513 sape
1137 440 1307 500 obtuleruut
1317 445 1404 518 etqui
1414 447 1502 505 etiam
1513 465 1662 508 excessere
1673 453 1799 526 relique·

86 543 206 603 scilicet
219 557 307 599 usum
324 556 358 596 ea
372 555 447 613 opus
463 536 595 605 haberet,
607 552 671 592 eam
684 539 711 592 et
722 538 810 590 noctu
820 533 918 604 impo·
972 540 1051 599 runt,
1068 533 1119 588 sed
1135 532 1209 590 nibil
1224 534 1261 590 ah
1274 535 1333 593 ullo
1348 554 1480 610 unquam
1491 543 1614 614 accepit,
1629 544 1680 600 sed
1696 561 1797 603 corum

88 636 182 692 nebat
191 630 408 699 humeris,etea
418 627 558 701 imposita
568 626 641 682 811
652 624 753 681 orabat
766 641 774 692 3
785 627 814 678 et
828 621 918 678 iuter·
971 637 1035 693 quse
1046 621 1697 703 ollerehantureosjussitesssdispensatores.
1711 634 1798 694 Porro

89 724 318 793 diu,oumesset
328 718 469 774 eiotium.
480 717 552 772 Cum
565 720 664 770 autom
675 713 788 769 veniret
798 710 918 783 aliquis,
972 714 1070 767 nutem
1078 715 1597 786 magnusquoquelacobusaiticium
1613 722 1649 777 ab
1661 723 1797 794 atiqucad

89 818 118 869 et
130 811 265 884 pulsaret
274 808 396 877 ostium,
405 822 469 862 eam
482 805 511 859 in
524 803 588 860 loco
598 802 698 875 aliquo
709 801 917 858 abscondebat.
972 815 1004 854 se
1019 798 1150 856 delatum
1166 802 1202 857 ad
1215 802 1313 873 ipsum
1326 805 1426 876 misit;
1439 808 1489 863 sed
1506 807 1535 864 id
1545 825 1662 883 quoque
1673 813 1797 882 remisit,

90 903 173 959 lianc
187 915 256 957 cum
273 896 397 954 vidisset
412 895 543 967 quidam,
560 891 796 958 mibiindiuavit3
808 893 837 945 et
850 905 918 945 cum
973 904 1039 944 curn
1055 888 1084 944 id
1099 891 1283 949 essevidoret
1295 894 1416 950 densius
1426 901 1455 951 ct
1469 895 1642 969 elegantius.
1655 901 1797 974 Perpetuo

87 990 195 1047 vetlem
212 989 290 1042 scire
306 990 452 1057 quantum
477 987 555 1039 esset
568 983 633 1053 ejus
650 983 776 1052 pondus,
792 978 839 1033 vix
853 994 919 1034 eam
972 978 1295 1037 enimususestvilibus
1306 987 1335 1037 et
1346 983 1461 1040 minimi
1472 986 1555 1058 pretii
1568 989 1709 1048 vestibus.
1720 993 1797 1050 adeo

87 1079 175 1154 potui
191 1076 296 1135 tollere
309 1073 455 1130 ambabus
479 1071 628 1127 manibus.
644 1068 671 1126 ls
687 1074 784 1125 autem
796 1083 863 1124 eum
873 1081 920 1122 me
973 1071 1071 1123 eutem
1087 1067 1267 1126 existimavit
1284 1077 1488 1145 paupertatem
1505 1090 1569 1131 esso
1585 1080 1688 1148 quovis
1706 1097 1796 1151 regno

88 1165 363 1241 aspexisset,jussit
372 1178 438 1218 eam
449 1161 596 1218 dimittere
606 1177 613 1226 ;
625 1174 678 1231 ego
689 1163 861 1214 autemeam
872 1173 919 1212 ro·
974 1158 1584 1230 magisexpetendam,utnecueeesssrium
1592 1168 1711 1239 quidem
1719 1187 1797 1227 sem-

89 1259 202 1331 gabam
218 1261 251 1311 ut
267 1253 338 1310 mibi
353 1268 418 1309 eam
429 1250 611 1324 permitteret
620 1248 765 1320 accipere,
780 1249 812 1302 ut
822 1245 849 1302 ei
863 1244 921 1302 eri·
972 1262 1026 1317 per
1040 1247 1160 1304 baberet
1170 1250 1398 1308 nutrimentum.
1415 1252 1480 1310 Scio
1496 1255 1575 1311 enim
1591 1274 1638 1314 me
1657 1274 1734 1331 sepe
1748 1278 1798 1318 ve·

89 1362 195 1421 parem
211 1344 396 1401 occasionem
424 1339 544 1396 laboris.
561 1343 718 1408 Postquam
734 1340 832 1393 autem
852 1350 920 1391 sum
974 1334 1065 1404 uisse,
1080 1339 1344 1396 etbeuedictionem
1351 1341 1585 1415 petiisse,neque
1594 1344 1705 1418 aliquid
1717 1350 1798 1407 aliud

85 1437 150 1491 vidi
166 1450 245 1508 aegre
260 1433 346 1497 torre,
358 1430 385 1486 el
401 1428 477 1486 cessi
494 1426 641 1484 desiderio
657 1425 797 1482 victorie.
973 1423 1121 1481 invenisse
1135 1442 1225 1498 quam
1241 1427 1320 1484 solas
1335 1429 1410 1486 duas
1430 1431 1553 1489 caricas.
1575 1433 1669 1505 Hujus
1684 1438 1754 1504 mel,
1769 1442 1800 1496 st

128 1526 172 1580 [ix
186 1523 235 1579 his
249 1520 401 1578 laboribus
411 1516 567 1574 efflorescit
581 1515 607 1571 ei
621 1530 739 1588 quoque
749 1516 818 1571 date
828 1513 922 1587 gretie
974 1511 1012 1567 iis
1027 1513 1077 1585 qui
1092 1514 1193 1571 vident
1207 1524 1250 1572 sat
1265 1518 1348 1573 valde
1362 1520 1568 1591 expetendum,
1585 1529 1614 1578 et
1629 1523 1665 1581 iis
1681 1527 1730 1597 qui
1743 1544 1797 1582 au·

89 1613 249 1678 divinitus,
260 1616 288 1667 at
297 1609 391 1665 multa
400 1603 626 1663 fluntmiraoula
636 1602 920 1661 illiusorstiouibus.
974 1601 1061 1658 diunt
1070 1608 1328 1663 suaveetmexime
1335 1608 1514 1678 J‘ncundum.
1527 1611 1732 1671 Nullumenim
1740 1616 1799 1672 vidi

89 1701 284 1759 Etenimoum
297 1696 395 1771 gravis
407 1694 652 1765 illasiccitasqua
662 1691 921 1763 hominessillige-
973 1690 1219 1759 honinem,ueex
1235 1693 1271 1750 iis
1288 1696 1406 1766 quidem
1421 1699 1555 1768 quisunt
1570 1701 1654 1757 taceti
1672 1709 1701 1758 et
1716 1704 1799 1762 dica-

91 1794 156 1857 bat,
174 1792 211 1846 ed
228 1802 329 1862 preces
339 1786 486 1852 incitaret,
498 1781 620 1840 renitad
631 1798 700 1838 sum
711 1780 921 1838 multitudosa·
974 1795 1033 1847 ces,
1050 1780 1100 1851 qui
1117 1781 1177 1838 ulla
1192 1799 1322 1853 unquam
1338 1785 1574 1856 reprehensionis
1589 1789 1653 1846 lahe
1667 1808 1735 1848 oum
1751 1812 1800 1850 as-

90 1881 260 1938 cai-dotum.
276 1877 344 1933 hlrat
354 1879 454 1932 autem
465 1889 526 1929 uua
539 1888 606 1928 oum
617 1871 660 1928 eis
671 1871 792 1943 quidam
804 1886 921 1943 quoque
975 1868 1098 1940 persenit
1107 1886 1114 1937 ;
1124 1872 1175 1926 sed
1192 1887 1294 1929 omnes
1309 1889 1377 1929 eum
1390 1881 1419 1930 et
1429 1877 1589 1946 predicent
1599 1884 1628 1935 et
1638 1880 1798 1952 celebrant,

90 1968 141 2027 cui
156 1967 347 2024 Antiochense
362 1963 491 2034 regionis
507 1960 593 2017 multi
609 1960 666 2017 viai
681 1960 823 2033 pascendi
837 1963 922 2016 eraut
974 1958 1048 2014 etad
1065 1957 1163 2030 ipsum
1180 1961 1330 2017 venientes
1347 1963 1469 2020 minime
1483 1965 1585 2023 volunt
1600 1969 1744 2027 recedere.

90 2058 211 2116 crediti.
228 2057 255 2113 ls
265 2073 300 2113 ex
310 2055 348 2112 iis
362 2054 414 2126 qui
424 2053 547 2110 aderant
557 2050 679 2124 rogabat
693 2050 834 2119 seniores,
848 2054 879 2106 ut
893 2048 920 2105 ei
1274 2050 1388 2108 chPUT
1410 2053 1494 2111 XXV·

91 2137 920 2222 persuaderiututroanumdexteramimponeretlecytbo
1081 2154 1245 2206 asenarius,
1274 2157 1308 2196 sr
1330 2158 1451 2199 sacceus
1479 2160 1604 2202 assumi
1622 2147 1689 2219 (65).

92 2244 169 2295 cum
184 2237 205 2294 ii
216 2238 315 2293 autem
325 2232 482 2300 dixissent,
493 2246 560 2286 sum
572 2246 630 2286 non
643 2245 708 2285 esse
720 2227 749 2285 id
760 2228 920 2298 iacturum,
1013 2226 1799 2312 llujusceordinisestadmirabilisquoqueAsclepius,

93 2329 169 2384 dum
185 2340 286 2400 preces
301 2327 368 2396 post
383 2320 445 2378 heac
461 2320 576 2390 fierent,
591 2318 826 2375 etvenerandum
847 2314 920 2373 mibi
976 2314 1027 2386 qui
1043 2314 1800 2389 abestquidemdecemfstadiisddemautemvitesia·

92 2422 186 2490 eaput
199 2415 307 2480 oraret,
319 2410 367 2467 ille
382 2417 546 2484 ponasinns
562 2406 690 2478 porrexit
700 2406 816 2462 duabus
827 2405 921 2461 mani·
976 2404 1114 2461 stitutum
1130 2411 1177 2462 est
1191 2406 1355 2464 emulatus.
1373 2413 1424 2465 Est
1438 2412 1516 2467 enim
1531 2413 1646 2471 elidem
1662 2423 1691 2473 ot
1703 2419 1799 2485 cibus,

94 2509 155 2563 bus
165 2503 326 2578 lecythum.
336 2503 364 2557 Is
374 2503 470 2557 sutem
481 2498 522 2554 itu
533 2497 620 2569 coepit
632 2501 754 2565 scatere,
763 2499 795 2551 ut
804 2494 862 2550 duo
871 2498 923 2551 aut
976 2498 1005 2548 st
1018 2495 1118 2565 vestis,
1133 2501 1162 2550 et
1177 2511 1291 2552 morum
1304 2499 1475 2567 moderatio,
1488 2501 1517 2555 in
1530 2501 1720 2575 hospitesque
1729 2512 1758 2563 et
1768 2507 1799 2564 in

92 2594 263 2667 crustisqui
273 2583 922 2656 aderautmenusjerrenderent,orsasplenes
978 2582 1082 2638 iratres
1098 2582 1237 2655 ebaritas,
1248 2584 1414 2658 lenitasque
1425 2593 1454 2644 et
1464 2593 1672 2662 mansuetudo,
1687 2600 1715 2651 ot
1730 2611 1797 2652 cum

95 2686 162 2743 ⁰¹30
178 2684 353 2756 acciperent.
365 2679 421 2736 gad
432 2674 921 2747 quainsivinugretiasunuatra-
976 2671 1035 2728 Deo
1049 2673 1242 2744 conversatio,
1255 2679 1284 2729 et
1294 2691 1412 2732 summa
1429 2684 1599 2750 paupertas,
1614 2686 1644 2737 et
1659 2684 1797 2743 maximae

93 2763 633 2840 dios,etreetisolssoiispraclarisque
641 2761 825 2820 etexvirtute
833 2763 922 2818 rebus
976 2760 1093 2817 virtutis
1109 2762 1209 2832 copis,
1225 2768 1255 2818 et
1268 2780 1338 2835 opes
1362 2765 1566 2840 philosophia,
1582 2773 1611 2826 et
1626 2771 1684 2829 alia
1699 2775 1800 2832 omnia

93 2863 190 2939 ψῃ,
202 2862 241 2916 git
256 2859 371 2932 plenus,
385 2859 413 2912 ot
428 2853 559 2928 quotidie
573 2851 692 2924 colliget
706 2867 775 2924 opes
790 2850 922 2923 philoso·
977 2866 1041 2921 qus
1057 2851 1092 2906 ds
1108 2849 1156 2908 illo
1171 2868 1254 2908 sacro
1279 2853 1374 2925 capite
1389 2858 1599 2914 recensuimus.
1617 2859 1726 2917 Dicunt
1744 2880 1798 2920 au-

95 2954 187 3027 phias,
198 2953 243 3007 est
255 2954 355 3005 tamen
366 2948 448 3001 tauta
458 2939 923 3011 modestiaetmoderatioueprre·
976 2942 1048 3007 tem,
1064 2955 1131 2995 eum
1142 2956 1259 3013 quoque
1269 2958 1336 2997 cum
1349 2950 1428 3001 esset
1437 2945 1466 3001 in
1479 2962 1600 3004 numero
1611 2948 1735 3006 fratrum
1747 2952 1799 3024 qui

95 3045 192 3108 ditus,
206 3037 527 3107 ‘ntuniuscujusqusex
538 3031 574 3088 iis
588 3028 789 3103 quiadipsum
801 3027 923 3084 veniunt
977 3029 1006 3083 in
1023 3027 1085 3084 vico
1097 3027 1239 3097 habitant,
1254 3032 1447 3089 monasticam
1463 3039 1696 3110 attemperatum
1708 3041 1798 3098 vitam

96 3134 204 3188 ambos
215 3129 305 3202 pedes
315 3124 517 3198 amplectatur,
527 3126 555 3178 et
562 3122 685 3178 frontem
696 3123 779 3174 terre
788 3117 921 3190 imponat
978 3116 1068 3174 luisse
1083 3117 1250 3190 amplexum
1262 3136 1356 3177 neccx
1366 3121 1525 3179 multorum
1537 3141 1695 3197 congressu
1708 3129 1799 3186 ullam

99 3222 162 3279 sm
182 3218 270 3275 suffit
285 3214 381 3284 milen,
396 3215 457 3270 siva
472 3212 579 3284 opifex,
596 3209 656 3266 sive
669 3208 807 3265 rusticus.
937 3187 958 3254 C
975 3207 1156 3263 contraxisse
1181 3209 1339 3267 maculam.
1356 3210 1429 3267 Cum
1445 3229 1513 3286 ergo
1538 3215 1709 3288 inutraque
1729 3220 1799 3286 vita,

135 3307 270 3367 Narrabo
293 3309 391 3363 autem
407 3302 517 3374 aliquid
538 3300 616 3373 quod
633 3297 728 3371 possit
742 3298 845 3353 dooere
860 3295 925 3366 ejus
977 3311 1081 3369 nempe
1096 3303 1125 3354 et
1138 3298 1216 3354 civiti
1231 3304 1260 3355 et
1273 3299 1415 3367 solitaria,
1431 3319 1462 3359 se
1472 3307 1588 3376 egregie
1598 3309 1731 3377 gesserit,
1747 3310 1801 3366 du·

98 3397 324 3472 simplicitatem
339 3390 617 3450 etmoderatiouem.
632 3386 757 3453 Quidam
764 3385 925 3451 virbonus,
978 3386 1103 3459 plicibus
1118 3404 1235 3460 quoque
1250 3390 1367 3446 coronis
1382 3391 1484 3449 merito
1499 3394 1679 3467 dignabitur.

98 3490 147 3546 cui
164 3487 256 3559 hujus
266 3484 364 3558 gentis
372 3480 478 3553 obtigit
488 3477 670 3551 proiectura,
680 3492 747 3532 cum
760 3474 867 3548 Cyrum
878 3489 925 3529 ve·
1014 3480 1104 3531 Porro
1114 3481 1212 3533 autem
1226 3476 1310 3535 multi
1325 3495 1442 3552 quoque
1452 3481 1501 3537 alii
1512 3485 1698 3544 sunthorum
1712 3504 1802 3545 aemu·

101 3577 205 3642 nisset,
218 3571 355 3644 cupiebat
365 3583 481 3625 mecum
491 3565 676 3637 lruiaspectu
688 3563 793 3619 borum
805 3575 926 3632 meguo-
978 3564 1030 3621 lati
1047 3566 1205 3621 virtutem:
1222 3572 1252 3623 et
1266 3569 1352 3640 plena
1367 3574 1412 3624 est
1436 3587 1493 3626 non
1509 3577 1610 3629 nostra
1625 3574 1732 3644 solum,
1748 3578 1800 3634 sed

101 3652 837 3728 rumathletarum.Cumaliossrgoobiissemus,ed
850 3651 927 3707 huuc
979 3653 1069 3709 etiam
1080 3653 1180 3709 vicina
1200 3654 1332 3711 civitates
1347 3662 1376 3712 et
1390 3659 1468 3729 pegi,
1482 3660 1533 3715 tali
1546 3662 1744 3736 philosophia.
1755 3670 1803 3722 list

100 3770 222 3828 quoque
237 3749 416 3808 accessimus
426 3748 511 3819 cujus
521 3746 658 3802 virtutem
672 3759 751 3800 nunc
763 3756 926 3796 narramus.
980 3746 1076 3798 autem
1091 3758 1168 3797 unus
1179 3758 1211 3797 ex
1225 3742 1271 3798 bis
1284 3744 1526 3817 divinusquoqus
1536 3749 1675 3819 lacobus,
1687 3754 1716 3808 in
1728 3769 1802 3825 qua·

99 3851 174 3900 cunr
183 3838 563 3916 egoitaquedixiasemesse
571 3833 742 3908 proiectum
754 3830 927 3904 quimecum
980 3831 1046 3887 dam
1054 3831 1131 3888 aas
1140 3831 1321 3888 domuncula
1331 3832 1552 3907 inclususjusta
1564 3839 1660 3894 vicum
1673 3842 1802 3913 qnidici·

100 3920 928 4002 accessisset,etequijustiqueamatorem,statimbomo
980 3925 1028 3977 tur
1043 3921 1153 3978 Duzau.
1170 3921 1225 3986 Qui
1240 3938 1307 3978 cum
1318 3922 1357 3978 sit
1370 3924 1460 3979 etiam
1471 3924 1501 3980 in
1516 3926 1581 3998 ipso
1593 3929 1656 3984 vite
1676 3932 1801 3989 termino

100 4024 369 4090 divinusutrasque
380 4011 927 4084 manustendensetambospedespre·
979 4013 1035 4084 (est
1048 4012 1128 4068 enim
1143 4010 1301 4084 plusquam
1317 4012 1477 4084 nonaginta
1491 4031 1585 4072 annos
1598 4020 1696 4090 natus)
1706 4019 1802 4076 inclu-

99 4113 255 4169 bendeus:
270 4109 351 4178 Volo,
363 4105 473 4178 lnquit,
488 4108 521 4160 ut
536 4102 609 4159 mihi
624 4099 755 4173 aliquam
772 4099 928 4173 promittas
980 4118 1032 4158 sus
1051 4106 1079 4157 et
1100 4100 1191 4168 solus,
1206 4107 1235 4157 et
1258 4117 1310 4172 per
1328 4102 1486 4172 quamdam
1507 4106 1654 4162 modicam
1679 4109 1802 4178 fossam,

99 4201 284 4275 petitionem.
295 4197 369 4254 Cum
381 4198 405 4252 is
416 4199 512 4251 autern
523 4192 702 4264 egreierret,
713 4194 741 4246 et
751 4197 784 4245 ut
794 4191 928 4262 surgeret
979 4191 1074 4246 instar
1088 4206 1183 4247 curva
1195 4188 1277 4245 linere
1289 4191 1407 4257 iactam,
1420 4208 1560 4265 responsa
1578 4196 1696 4267 quidem
1708 4201 1805 4255 reddit

100 4294 212 4359 oraret,
223 4292 252 4345 et
267 4303 299 4344 se
314 4285 391 4358 quod
400 4282 524 4356 jusserit
534 4280 679 4338 iacturum
692 4278 928 4350 polliceret(eon·
979 4280 1030 4335 sed
1040 4296 1096 4335 non
1110 4278 1222 4336 videtur
1233 4284 1278 4347 ;ct
1288 4295 1382 4352 neque
1393 4280 1460 4353 igne
1473 4282 1574 4349 utitur,
1587 4301 1681 4356 neque
1692 4287 1804 4346 lumine

94 4379 224 4453 jiciebet
235 4376 314 4434 anim
326 4390 394 4432 eum
410 4371 482 4430 velle
495 4386 598 4445 rugare
609 4368 766 4442 proaliqua
775 4385 810 4425 ex
827 4366 865 4424 iis
876 4366 927 4440 qui
979 4366 1339 4440 lucernae.quuidcmbis
1349 4369 1481 4440 perfosso
1492 4372 1566 4428 ostio
1573 4374 1666 4443 jussit
1675 4376 1803 4444 admitti,

98 4471 167 4541 ejus
179 4467 321 4540 parebant
331 4462 447 4535 ditioni)
460 4478 466 4518 :
483 4459 627 4526 Quoniam
639 4474 719 4531 ergo,
731 4457 826 4530 inquit
837 4456 925 4514 homo
979 4457 1035 4514 hoc
1057 4473 1103 4513 me
1118 4455 1228 4514 honore
1242 4456 1385 4526 alliciens,
1396 4463 1425 4514 et
1448 4475 1537 4531 quam
1549 4461 1622 4517 mihi
1644 4462 1718 4520 bene
1736 4465 1807 4522 velit

98 4546 927 4627 divinus,espollicitus,etjurejurandopromissumque·
941 4546 964 4610 ll
979 4547 1137 4604 osteudens

99 4645 240 4712 firmasti,
256 4643 316 4701 acri
332 4647 362 4699 et
375 4637 542 4697 vehementi
552 4637 651 4694 studio
662 4636 720 4693 Deo
736 4653 788 4709 pro
798 4652 844 4692 me
859 4637 930 4693 oller
1020 4640 1114 4709 Atque
1129 4634 1149 4690 ii
1164 4633 1282 4706 quidem
1299 4635 1350 4707 qui
1365 4635 1462 4693 adhuc
1477 4639 1662 4709 superstites,
1688 4641 1807 4716 scriptis

98 4733 366 4810 praesumentem
382 4726 927 4800 frontempulsansobsecrabetuteum
984 4725 1058 4782 mois
1074 4741 1132 4780 uon
1150 4723 1305 4796 indigent,
1328 4728 1454 4796 possunt
1469 4726 1558 4796 enim,
1585 4728 1610 4784 si
1626 4729 1728 4801 velint,
1749 4731 1808 4804 ipsi

99 4815 928 4895 absolveretajurejuraade,utquioonessetdiguuspro
984 4830 1087 4870 eorum
1103 4810 1296 4885 contemplari
1311 4811 1541 4885 philosaphiam.
1563 4815 1691 4875 Posteris
1707 4824 1807 4876 autem

97 4915 167 4988 ips„
176 4911 387 4986 pmgopem
398 4907 609 4979 [minumus
619 4920 687 4978 ergo
700 4905 791 4977 quiin
802 4903 931 4961 tamalta
984 4908 1013 4960 et
1027 4902 1077 4975 qui
1092 4902 1146 4958 boc
1162 4918 1219 4957 non
1235 4901 1333 4957 videre
1344 4902 1557 4973 spectaculum,
1569 4905 1630 4962 brec
1642 4923 1759 4980 quoque
1769 4909 1806 4964 ad

97 5000 289 5078 philosophia
295 4994 573 5057 tautasitmedestia
583 5011 617 5051 ac
625 4994 837 5061 moderatione,
848 5010 928 5066 quse·
985 5008 1072 5048 usum
1083 4990 1246 5060 sulliciuut,
1258 4994 1290 5046 ut
1300 4990 1563 5063 quaephilosophie
1574 4996 1730 5051 ostendant
1739 4997 1807 5053 uha-

98 5091 271 5150 numeratio
280 5085 613 5164 possitejuslaudespro
625 5082 930 5156 dignitateconsequil
986 5087 1136 5138 meterem.
1152 5081 1205 5137 Hic
1219 5096 1297 5152 ergo,
1314 5081 1392 5136 etde
1408 5080 1454 5137 his
1469 5082 1605 5139 absoluta
1623 5083 1764 5154 oratione,
1780 5092 1809 5143 et

136 5183 236 5252 liujus
249 5179 280 5235 in
291 5178 445 5236 laboribus
459 5173 657 5247 suscipiendis
668 5173 799 5230 studium
812 5190 848 5229 ne
858 5171 929 5228 varii
985 5170 1199 5227 benedictionis
1222 5169 1372 5242 postulate
1396 5171 1640 5244 remuneratione,
1668 5175 1702 5231 ad
1720 5175 1808 5234 eliam

99 5271 223 5346 quidem
239 5285 274 5328 ac
286 5266 466 5340 multiplices
477 5263 630 5337 morbiqui
641 5264 747 5320 insum
759 5262 928 5332 incubuere,
986 5260 1116 5317 transibo
1131 5260 1340 5316 narrationem.

99 5357 361 5428 retardarunt;sed
371 5372 437 5414 cum
449 5353 565 5412 averiis
577 5353 688 5410 morbis
699 5351 929 5423 obsideatur,so·
1269 5348 1385 5405 CAPUT
1417 5348 1521 5404 XXVI·

97 5442 930 5514 sdemlahorcssustinet.ssummultisautsmsepeverbis
1283 5453 1425 5494 sinuosas
1440 5438 1510 5508 (66)·

96 5539 254 5614 apudeum
265 5537 425 5611 egerimus,
444 5534 575 5591 vixhano
586 5531 931 5589 aedificavimusdomun·
1022 5529 1191 5586 Simeonem
1206 5527 1290 5584 illum
1315 5525 1472 5598 insissssssms
1488 5544 1628 5602 mlssssfflss
1640 5531 1714 5588 illud
1730 5533 1809 5590 ⁰lbl⁸

96 5625 335 5699 culam,corpori
344 5623 430 5699 plane
439 5623 590 5697 frigefacto
601 5619 932 5694 aliquantulumcaloris
987 5623 1133 5677 terrarum
1145 5617 1333 5683 miraculum,
1345 5614 1445 5672 sciunt
1455 5617 1575 5688 quidem
1586 5636 1689 5678 omnes
1700 5622 1752 5694 qui
1762 5639 1810 5694 pa-

96 5715 345 5794 procurantesssi
356 5713 444 5773 multi
455 5713 575 5786 quidem
587 5711 683 5768 adbuc
692 5710 867 5783 superstites
880 5727 931 5766 au·
988 5707 1390 5781 rentimperioltomauorum
1403 5710 1809 5783 ;nernutautemPersequo·
