3960 6240
144 330 213 389 1251
594 326 724 384 sencrr
742 322 913 383 caerensi
931 317 1157 384 samsone
1175 320 1223 386 trr
1239 322 1404 388 abatem
1791 320 1860 383 taes

142 456 332 515 solitudines.
345 454 423 521 oues
439 454 641 525 peragrantes,
653 450 731 508 inter
745 456 968 525 opacaquequ'e
983 444 1011 519 A
1025 449 1155 525 Cumque
1170 455 1266 512 noctis
1287 454 1383 529 spatis
1411 451 1597 510 orationibus
1619 453 1815 524 occupasset,
1831 452 1860 508 ib

143 563 298 603 nemorum
308 549 336 601 et
347 544 442 600 lustra
453 541 642 598 abditissima
652 541 795 609 ferarum,
807 540 924 597 obvium
939 553 970 596 ss
1026 543 1188 600 crastinum
1199 542 1534 600 cellulambabitationis
1542 540 1793 598 sibictlratribus
1801 540 1861 596 anis

142 637 212 692 tulit
225 651 326 692 eorum
340 632 549 705 conspectibus
561 629 669 686 fertilis
679 630 772 701 locus3
782 629 832 702 qui
844 633 915 687 tunc
925 628 971 684 Pi·
1026 631 1103 687 intra
1114 632 1274 704 parietinas
1283 629 1690 706 supradictiedilrciivimine
1701 628 1786 685 lento
1795 644 1860 685 con·

141 727 241 782 oiaous
257 723 364 793 dietus,
381 727 411 779 at
432 738 510 778 nunc
525 720 668 777 vocabulo
683 719 768 778 Gella
785 720 879 776 sancti
894 716 971 775 Aviti
1009 717 1857 793 'texit,ethincindeagriculturaeoperamdareinchoavit

140 815 329 889 cognoscitur
344 812 518 885 insignitus.
534 812 610 867 Sane
624 815 656 866 ut
671 827 787 867 emoena
802 809 971 866 Divinitatis
1061 811 1161 884 ltaque
1176 811 1222 868 die
1238 812 1364 885 quadam
1381 822 1450 868 dum
1465 811 1546 884 operi
1563 811 1693 866 instaret
1709 809 1859 881 caepioni-

141 903 274 979 potentia
287 903 316 959 in
331 919 432 959 eorum
445 901 584 958 cordibus
595 899 776 956 uberrimum
792 901 971 955 monstraret
1024 904 1143 973 temque
1158 907 1303 974 repertam
1318 906 1462 974 tauquam
1472 899 1529 956 voti
1545 900 1591 956 sui
1608 899 1795 970 adjutricem
1811 897 1858 953 eir·

140 994 230 1050 liuere
242 992 318 1049 santi
331 989 574 1063 Spiritusrivum,
584 989 628 1045 eis
638 988 748 1044 iontem
760 984 877 1060 operuit
887 1004 969 1059 aquae
1025 990 1241 1059 eumlodiendo,
1257 996 1286 1047 et
1309 991 1459 1063 superflua
1473 996 1596 1062 qusque
1612 987 1797 1055 resecando,
1812 1003 1855 1043 ex·

141 1083 277 1151 viventis,
290 1079 445 1154 nequnilli
456 1080 506 1152 qui
519 1079 614 1152 gratia
629 1077 724 1135 sancti
739 1076 868 1150 Spiritus
885 1081 969 1149 pota·
1025 1077 1142 1146 coleret,
1157 1081 1264 1136 sudore
1290 1077 1401 1136 laboris
1431 1083 1562 1149 coaetus,
1576 1076 1768 1134 vestimento
1783 1077 1854 1149 quod

141 1177 252 1231 bantur
275 1173 413 1238 interius,
432 1170 607 1227 necessitate
622 1173 815 1241 gravarentur
829 1167 967 1223 exterius.
1024 1167 1169 1225 cucullam
1193 1174 1299 1226 vocant
1320 1173 1437 1240 exutus,
1459 1167 1580 1240 quercui
1606 1166 1769 1240 appendit.
1787 1165 1856 1222 later

139 1265 232 1330 Quem
248 1264 357 1319 iontem
374 1259 566 1316 beatissimus
582 1258 725 1315 Carilelus
740 1275 829 1314 manu
855 1274 919 1324 sua,
936 1258 970 1312 ut
1024 1254 1855 1331 heeautemaviculaperexiguacujusvocebulumcstbl·

141 1370 224 1426 aqua
239 1355 368 1408 retentor
384 1353 471 1418 esset,
481 1347 612 1405 terrestri
627 1346 821 1404 circumdedit
834 1344 967 1414 aedilicio,
1024 1345 1131 1403 triseus
1143 1346 1855 1421 (n),dumsingulaquaquaversumiuteimosceti

138 1446 168 1498 et
192 1440 337 1498 hacteuus
353 1440 390 1495 ob
404 1455 535 1495 amorem
550 1437 631 1494 illius
645 1455 663 1494 a
678 1436 793 1494 devotis
807 1453 865 1492 non
882 1434 967 1509 igno·
1022 1453 1095 1510 vage
1107 1442 1244 1509 pererrat,
1256 1440 1285 1495 et
1294 1438 1382 1509 juxta
1397 1426 1571 1493 tamillarem
1588 1436 1650 1493 sibi
1666 1435 1853 1492 consuetudi·

139 1532 192 1589 bili
208 1528 477 1604 tegituroperouto.
489 1526 579 1591 Quem
595 1527 840 1599 locumtanquam
851 1523 966 1581 Domini
1022 1525 1854 1600 nemintimaqusquequadamcuriositatedictanteper·

141 1620 307 1695 provisione
324 1619 380 1676 sibi
395 1616 541 1673 delectum
558 1616 714 1688 complexi,
725 1616 755 1672 ln
766 1612 965 1672 cantationem
1020 1613 1136 1686 lustrat,
1149 1616 1323 1673 vestimento
1339 1631 1370 1672 ee
1384 1614 1476 1686 abdit,
1492 1617 1583 1689 atque
1606 1614 1757 1671 recedens
1772 1630 1853 1671 ovum

142 1710 296 1778 collocant,
312 1708 434 1779 diesque
449 1705 616 1779 complures
640 1705 669 1761 in
692 1707 798 1762 sanctae
812 1702 965 1759 Trinitatis
1021 1703 1138 1760 enisum
1152 1702 1429 1777 reliquitcarilelus
1440 1709 1538 1760 autem
1552 1703 1683 1760 devotus
1695 1701 1808 1759 Christi
1817 1703 1853 1758 ta·

144 1800 298 1856 devotione
311 1798 496 1853 continuent.
797 1874 800 1880 y
980 1817 1005 1884 B
1022 1791 1131 1861 mulus,
1147 1792 1499 1867 eporediurnoexplicite,
1515 1809 1583 1849 oum
1588 1794 1655 1864 jam
1665 1792 1852 1850 solventicem

176 1893 246 1946 Corn
263 1903 330 1944 vero
346 1890 374 1942 et
388 1890 522 1956 tempora
537 1884 579 1940 eis
594 1882 701 1940 divinis
722 1880 828 1949 studiis
851 1882 964 1939 manci·
1018 1881 1799 1956 exisdecliviorlinqueret,etoecasumtepescentibus
1810 1899 1852 1937 ra·

139 1972 207 2051 pata
224 1977 253 2031 in
270 1974 372 2031 eodem
396 1972 459 2028 loco
482 1971 707 2044 protelarentur,
723 1968 752 2027 et
768 1971 840 2027 odor
861 1987 962 2027 eorum
1018 1972 1209 2029 diisviciuum
1221 1966 1852 2044 promitteret,vsetimeutnmresumptoms

139 2066 249 2123 notitiae
265 2069 354 2136 atque
369 2078 491 2135 operum
507 2061 736 2132 circumquaque
752 2058 961 2133 divulgaretur,
1018 2060 1851 2135 arboremadiitevumque'alitisreperit.Q'uovisainaesti·

138 2150 390 2212 iamabeatissimi
400 2150 473 2205 Aviti
486 2166 572 2205 aures
584 2146 744 2221 supradicti
752 2147 827 2219 regis
838 2165 963 2222 occupa·
1018 2151 1272 2224 mabilefgaudium
1282 2168 1349 2210 cum
1358 2150 1851 2209 admirationemistumeumeccu·

136 2244 187 2311 vit,
201 2241 323 2315 probata
338 2239 464 2296 veridica
478 2238 640 2294 Salvatoris
657 2237 801 2294 sententia
817 2237 961 2294 dicentis:
1020 2240 1110 2315 pavit,
1126 2247 1291 2316 totumque,
1308 2243 1437 2315 spatium
1454 2240 1539 2310 illud,
1551 2258 1612 2314 quo
1624 2241 1706 2297 lucis
1718 2241 1850 2298 abscessu

136 2340 221 2394 Nemo
234 2330 359 2390 accendit
372 2331 525 2397 lucernum,
536 2331 564 2384 et
574 2329 603 2383 in
615 2327 770 2385 abscondito
784 2329 964 2400 positaeque
1018 2329 1849 2403 umbreterrastenuerunt,inlaudibusdiviniscxpendit·

135 2417 964 2494 submodie‚sedsuprocandelabrorumquiinqrediantur
1053 2420 1847 2493 CumverojubaresuoPboebealampasjemmundum

136 2516 230 2572 tameo
253 2513 374 2570 videant.
386 2512 477 2568 Jussu
491 2508 698 2582 itaqoeipsius
713 2502 816 2582 inclyti
832 2508 921 2581 regis,
934 2512 963 2564 et
1017 2514 1197 2580 venustaret,
1222 2516 1262 2574 st,
1287 2511 1458 2585 suppressis
1484 2514 1566 2567 cae‘cae
1592 2508 1692 2566 noctis
1714 2509 1848 2578 marebais,

136 2604 259 2661 basilica
275 2604 303 2658 in
319 2600 421 2658 eodem
437 2599 501 2656 loco
517 2597 686 2667 lubricatur,
696 2598 860 2671 opibusque
875 2598 964 2671 regiis
1019 2598 1510 2672 umbrarumldensttateoccultate
1522 2598 1847 2656 manifestaredderen-

137 2693 236 2761 datur,
252 2707 304 2746 nec
329 2707 386 2745 non
414 2686 578 2744 coenobium
609 2692 801 2759 preparatur,
817 2692 963 2759 quatenus
1018 2692 1077 2756 tor,
1088 2693 1207 2762 sumpto
1219 2689 1318 2747 secum
1333 2691 1536 2763 germanesuo
1547 2686 1714 2758 Daumere,
1730 2688 1845 2745 beatum

138 2782 387 2855 lychnuesancta
416 2775 551 2832 Ecclesia
579 2792 707 2848 nequam
737 2772 828 2832 lulvis*
848 2775 963 2832 ocoule-
1017 2779 1134 2835 Avitum
1151 2778 1538 2852 petiit,dshisquascorde
1563 2776 1648 2833 illius
1675 2778 1849 2850 tegebantur·

136 2868 258 2926 returiu
269 2866 410 2934 tenebris,
423 2865 474 2922 sed
490 2864 605 2920 cunctis
621 2869 728 2920 sancta
745 2863 878 2922 Ecclesiae
895 2865 964 2923 liliis
1019 2867 1222 2934 consulturus,
1234 2866 1384 2940 simulque
1394 2871 1421 2923 et
1432 2867 1468 2924 de
1478 2866 1660 2923 lociinventi
1676 2865 1848 2940 opportuni·

137 2959 184 3016 sui
200 2957 299 3015 radios
314 2957 465 3028 spargeret
478 2952 611 3009 luminis.
1019 2959 1078 3013 tate
1094 2956 1271 3031 perlaturus.
1285 2958 1399 3013 Interea
1418 2956 1500 3022 dum,
1519 2960 1551 3010 ut
1567 2954 1663 3011 moris
1678 2960 1726 3012 est
1741 2955 1847 3012 sanctis

172 3046 280 3103 Deatus
296 3048 393 3100 autem
409 3040 552 3099 Carilelus
575 3041 674 3114 (prout
689 3041 779 3099 moris
794 3048 840 3100 est
854 3043 965 3101 sanctis
1019 3047 1101 3116 viris,
1117 3048 1210 3104 multa
1226 3046 1385 3104 multorum
1401 3044 1520 3103 utilitati
1534 3045 1694 3118 profutura
1709 3046 1790 3102 inber
1802 3061 1848 3102 eos

133 3134 205 3192 viris
219 3151 356 3206 prospera
369 3133 472 3199 vitare,
487 3131 607 3188 sinistra
617 3130 654 3187 ob
667 3132 831 3189 custodiam
842 3135 888 3189 sui
902 3152 954 3208 ap·
1020 3141 1184 3206 vertuntur,
1199 3137 1386 3194 venerandus
1407 3135 1461 3204 vir,
1478 3136 1555 3190 inter
1578 3139 1688 3191 caetera
1712 3139 1745 3191 et
1768 3134 1846 3201 illud,

137 3225 244 3299 petere)
257 3216 334 3279 iniis
346 3221 555 3278 charissimum
567 3219 621 3276 sibi
632 3219 803 3294 relinquens
813 3221 885 3279 loeis
896 3192 992 3279 Avi-C
1015 3228 1094 3300 quod
1105 3227 1131 3284 ei
1139 3224 1284 3296 evenerat,
1294 3222 1454 3282 venerabili
1468 3224 1552 3280 Avito
1568 3222 1684 3288 ntulit,
1697 3224 1847 3296 explorare

133 3321 210 3383 tum,
226 3331 313 3372 carne
329 3314 364 3369 ab
380 3313 444 3384 ejus
461 3311 616 3384 prasentia
632 3310 661 3367 in
676 3311 814 3369 interiora
838 3315 963 3372 secessit
1014 3311 1846 3387 volensutrurnabeoquasinovumaliquodaccideoseo·

135 3404 312 3475 oraminum
324 3407 421 3459 tameo
432 3401 458 3458 ei
470 3400 961 3461 inextricabilibusessetdcvinctus
1015 3406 1135 3473 diretur,
1146 3405 1190 3462 vel
1203 3404 1307 3477 siquid
1320 3404 1375 3460 hac
1386 3418 1416 3460 re
1427 3402 1562 3476 portendi
1578 3416 1671 3473 posse
1684 3402 1841 3458 videretur.

136 3494 260 3551 nexibus
272 3486 483 3564 animi.quue
493 3489 572 3546 enim
583 3486 726 3547 Divinitas
738 3492 961 3563 probabatduos
1013 3496 1065 3551 Vir
1077 3500 1176 3552 autem
1201 3493 1318 3550 Domini
1334 3492 1437 3548 avitus
1450 3506 1481 3548 se
1493 3491 1536 3547 eis
1552 3491 1666 3547 moveri
1691 3491 1844 3547 confessos

136 3584 183 3640 sui
207 3583 351 3638 exercitus
375 3579 498 3653 inclytos
526 3580 615 3636 duces
633 3580 684 3636 uni
700 3581 805 3637 debere
834 3599 961 3654 praesse
1012 3589 1067 3654 est,
1079 3584 1187 3657 etquis
1198 3600 1256 3640 nou
1268 3584 1376 3639 trustra
1391 3596 1444 3637 nee
1459 3578 1570 3637 easuid
1582 3579 1844 3651 accideritadjun·

135 3672 235 3738 caulas,
252 3688 318 3727 cum
336 3669 469 3741 pluribus
485 3673 549 3725 uter
564 3686 664 3725 eorum
689 3669 825 3726 sulficere
849 3676 958 3743 posset.
1012 3674 1151 3745 genaait
1175 3690 1182 3730 ε
1209 3671 1318 3728 «Οωί
1341 3667 1697 3736 amantissime,s'tnulli
1727 3672 1844 3741 postpo-

134 3763 245 3834 ltaque,
258 3762 411 3831 assumpto
421 3775 520 3815 senum
529 3757 792 3815 suooommilitone
803 3750 958 3832 Daumero,
1012 3764 1107 3819 nendo
1122 3762 1304 3829 mortalium,
1315 3759 1448 3831 Caritate,
1459 3759 1568 3815 insls'te
1578 3757 1674 3814 labori
1687 3776 1696 3826 ς
1712 3774 1772 3814 non
1786 3757 1843 3813 bea

134 3865 332 3922 conservoque
355 3849 457 3904 itidem
483 3847 575 3917 Gallo,
592 3847 695 3920 pedem
710 3849 800 3903 vortit
815 3849 843 3905 in
861 3855 959 3921 partes
1012 3853 1131 3925 quidem
1144 3848 1361 3923 qualiacunque
1376 3848 1562 3923 promittunt,
1577 3847 1632 3903 sed
1648 3847 1754 3903 editus
1768 3846 1841 3903 alitis

133 3938 334 3998 Cenomanicae
349 3937 439 3994 urbis.
458 3932 648 4008 Tandemque
670 3937 789 3993 divertit
804 3937 833 3993 iu
849 3937 957 4008 locum,
1011 3933 1497 4015 tetuamagnoslociilliastuturos
1508 3935 1838 4010 portenditpreventus.

131 4025 957 4099 veterumvocabuloCasa-Gayaninunnupatumsitumiu
1010 4017 1089 4086 Scito
1100 4030 1178 4086 enim
1190 4027 1283 4084 multo
1292 4028 1431 4098 mojorem
1444 4020 1842 4098 ejusdem'loe'ilntnrnrnDn'.

132 4115 958 4194 parochiatabrocineosipropequemtocnmoessuitnnl·
1010 4120 1151 4178 mininam
1167 4133 1284 4193 gregem
1301 4133 1389 4189 quam
1405 4130 1492 4188 quem
1509 4114 1555 4170 bie
1571 4116 1673 4171 cernis
1688 4116 1839 4172 nobiscnm

132 4205 957 4281 solaeamnisquibaoteousnomenipsiustluviimntuans
1009 4210 1230 4266 consistentem.
1242 4206 1307 4275 Oui,
1320 4211 1462 4278 tanquam
1478 4203 1718 4277 optiml'milites
1729 4207 1761 4261 in
1771 4220 1839 4261 exer·

132 4300 233 4355 eodem
250 4315 307 4371 quo
322 4297 565 4369 illenunoupatur
579 4295 710 4363 nomine,
722 4295 750 4351 in
762 4297 841 4368 quod
853 4299 956 4357 multis
1009 4299 1086 4355 citiis
1113 4297 1230 4355 Domini
1253 4297 1341 4352 vitam
1366 4295 1577 4367 transigentes,
1595 4298 1666 4366 post
1682 4293 1839 4351 laboriosos

132 4386 293 4444 admodum
309 4384 425 4441 delituit
440 4385 554 4441 diebus.
565 4386 632 4440 Erat
642 4401 770 4456 namque
785 4385 867 4444 locus
878 4405 894 4443 a
905 4405 956 4445 cu·
1009 4388 1106 4445 carnis
1122 4385 1300 4460 triumphes,
1310 4400 1327 4441 a
1338 4384 1463 4441 Domine
1479 4383 1754 4441 immarcescibiles
1767 4383 1838 4440 labo·

128 4475 254 4549 juslibet
269 4490 388 4530 accessu
405 4478 545 4542 secretus,
558 4475 586 4528 in
599 4473 755 4532 altitudine
773 4476 872 4546 eremi,
885 4479 955 4534 avi·
1008 4497 1073 4534 rum
1086 4494 1206 4534 suorum
1219 4478 1435 4548 consequentur
1445 4474 1568 4529 tructus.
1577 4494 1592 4523 a
1607 4473 1736 4530 Noctem
1749 4475 1839 4547 itaque

131 4563 262 4622 vestium
287 4562 508 4619 conversatione
532 4569 672 4631 remotus,
689 4563 739 4619 sed
754 4569 853 4622 tamen
869 4570 952 4624 terra
967 4561 994 4624 b
1008 4566 1087 4623 illam
1104 4567 1269 4622 insomnem
1286 4563 1438 4629 ducentes,
1449 4566 1541 4618 tetam
1558 4576 1626 4617 eam
1643 4563 1767 4618 Domini
1782 4577 1837 4619 ser·

130 4652 280 4710 fertilitate
293 4651 455 4724 jucundus.
468 4650 585 4722 {tepent
597 4651 685 4707 otiam
700 4651 773 4709 inibi
789 4654 898 4711 lentem
910 4658 955 4712 vi·
1008 4656 1080 4713 vitio
1095 4653 1273 4711 dedicavere.
1289 4656 1322 4708 Et
1336 4668 1414 4708 nunc
1429 4665 1526 4708 sermo
1545 4654 1612 4707 erat
1635 4651 1683 4708 eis
1708 4653 1747 4708 de
1770 4667 1836 4725 pra·

129 4743 192 4799 veci
207 4758 281 4798 vene
302 4741 424 4797 tluvium
440 4744 633 4810 evomentem,
650 4739 830 4814 parietesque
844 4746 954 4802 vetusti
1009 4742 1463 4806 sentisvitaeinstitutioue,nunc
1474 4740 1509 4796 ad
1523 4740 1657 4796 suturam
1671 4755 1837 4797 remunera·

129 4831 244 4888 aeditioii
261 4829 670 4902 seniolabentes,dignitatem
685 4833 782 4887 tamen
797 4833 953 4904 pristinam
1010 4835 1116 4890 tionem
1140 4829 1249 4888 locutio
1274 4830 1482 4902 percurrebat3
1508 4829 1598 4885 modo
1624 4830 1835 4886 immortalium

129 4920 225 4994 ipsius
240 4918 337 4993 operis
352 4919 482 4991 vestigiis
497 4918 953 4991 protestanteeDbtulitseetiam
1009 4919 1834 4995 spirituumconsertieintereratnuncsutemsanctorum

130 5012 194 5083 ejus
210 5010 418 5084 conspectibus
435 5026 524 5081 parva
533 5008 612 5064 vitis.
625 5007 827 5082 Cumquehao
836 5012 954 5087 singula
1007 5014 1135 5069 virorum
1161 5012 1336 5066 documenta
1350 5012 1438 5080 atque
1453 5006 1600 5082 exempla,
1619 5026 1705 5067 nune
1721 5011 1789 5066 item
1803 5006 1833 5063 ed

128 5096 242 5157 lumine
255 5099 371 5155 curiose
387 5095 590 5170 perlustraret,
605 5095 805 5154 inestimabili
821 5101 953 5157 sullusus
1008 5100 1140 5159 Pealterii
1151 5099 1339 5156 modulamen
1351 5098 1429 5154 dulci
1442 5097 1549 5170 plectro
1562 5104 1652 5155 mene
1664 5096 1831 5170 dectaetad

130 5189 248 5259 gaudio,
261 5189 289 5244 in
301 5194 409 5244 terram
421 5202 485 5242 sese
498 5185 631 5259 protinus
641 5186 732 5257 dedit,
749 5192 778 5244 et
790 5188 952 5247 misericer-
1007 5206 1126 5248 suavem
1137 5188 1261 5246 Domino
1274 5204 1379 5245 sonum
1390 5188 1572 5244 reddendum
1580 5186 1778 5261 pulsabatlis
1787 5189 1832 5243 ite·

129 5274 183 5330 dias
198 5277 326 5344 Domini,
344 5285 482 5347 tanquam
499 5276 546 5347 qui
563 5275 623 5331 haee
648 5276 704 5332 sibi
729 5285 951 5350 praeparaverat,
1007 5297 1063 5354 quo
1073 5276 1498 5350 actibus,totiusnoctisopaca
1509 5275 1596 5333 solati
1606 5278 1829 5335 suntteoebres

129 5365 951 5438 gratiasreddebatinnumeras,totissupplicansviribus
1006 5364 1832 5438 ntt'atiscentibusumbris,ChristimilesCariletus,re·

128 5457 161 5509 ut
175 5453 224 5524 qui
240 5453 265 5508 ei
281 5458 493 5525 praepurnverat
509 5455 614 5521 locum,
629 5454 741 5511 tructus
753 5472 871 5530 quoque
886 5475 952 5531 ope·
1007 5460 1117 5531 pedena
1133 5473 1191 5529 quo
1207 5458 1335 5522 venerat,
1352 5453 1468 5526 tugurio
1483 5470 1548 5511 sese
1565 5455 1682 5527 recepit
1697 5455 1810 5512 dilecto.

128 5541 199 5600 rarii
226 5542 353 5598 eoelestis
383 5543 438 5599 sibi
467 5543 575 5599 ibidem
606 5558 742 5616 peragere
771 5547 949 5619 praeciperet.
1042 5548 1109 5602 Erat
1120 5561 1235 5617 nempe,
1248 5546 1348 5614 utjam
1362 5543 1647 5612 dictumest,isdem
1659 5544 1745 5602 locus
1756 5559 1833 5602 secu·

164 5669 202 5744 (a)
219 5669 279 5736 Ais,
295 5666 445 5724 bitericus.
