3960 6240
154 343 229 402 toea
719 394 722 399 .
797 347 844 400 nn
863 343 983 402 ansus
1001 343 1206 402 urroaomts
1585 407 1589 414 ,
1800 340 1865 398 toan

157 474 211 544 Epo
226 487 286 529 eum
301 487 382 543 ponte
397 471 574 543 ciutelloou.
591 487 630 539 vt,
646 471 717 543 teti
731 472 812 540 Quod
833 470 921 528 otiam
937 469 1019 536 εΗ
1036 468 1110 526 loret
1124 488 1212 544 quem
1227 470 1366 544 opinatur
1377 468 1570 544 Biughamus,
1587 468 1665 526 nihil
1682 469 1866 540 majestatem

153 562 278 619 =lluacius
302 560 476 633 exprimitur
506 560 706 618 additamento
734 564 875 625 AEteraae,·
904 561 981 618 hano
1034 558 1099 616 Filii
1118 560 1384 629 beidedecoret,si
1408 560 1647 617 sacratissimum
1676 558 1865 632 ejuscorpos

157 652 235 708 enim
247 651 335 707 ritum
352 648 515 707 materialis
529 651 615 724 panis
625 652 694 708 dare
705 653 817 725 nequit,
833 652 884 709 sed
896 651 981 709 unice
1034 665 1087 722 per
1101 650 1222 724 angelos
1236 668 1272 708 ex
1285 657 1400 708 terreno
1421 651 1456 706 nd
1472 649 1590 707 coeleste
1608 648 1705 705 altare
1720 648 1866 707 diceretur

157 742 227 798 dare
240 745 336 812 potest
350 738 468 797 divinus
483 739 531 797 ille
548 742 644 814 panis,
654 742 883 816 hoceet‚ccrpus
895 742 980 800 Chri·
1033 741 1160 812 delerri;
1176 741 1311 800 cbristus
1327 741 1405 798 enim
1419 741 1447 797 in
1463 746 1651 798 sacramento
1671 740 1786 810 existit,
1802 757 1866 814 epe·

156 829 195 886 sti
211 828 337 898 Domini,
354 830 389 886 da
404 846 462 902 quc
476 829 539 902 ipse
554 830 596 887 ait
607 847 614 885 :
627 831 682 900 Qui
690 830 919 888 manducatione
927 849 980 904 po·
1033 831 1107 888 ciem
1115 832 1240 889 victimae
1247 835 1377 888 mactata
1385 830 1551 904 preferens,
1564 846 1743 903 quanquam
1751 846 1865 903 semper

157 934 230 986 aeia,
246 920 316 976 tricet
331 921 361 975 in
376 922 522 977 aeteruum.
549 919 748 977 Confirmatur
762 920 849 977 etiam
873 921 981 978 veritas
1033 921 1134 990 vivus;
1150 937 1240 996 seque
1255 921 1332 977 Patri
1349 937 1400 994 pro
1412 921 1496 978 nobie
1508 920 1639 990 exhibet,
1653 918 1756 993 qualis
1770 919 1864 976 bumi-

156 1009 312 1081 sanguinie
328 1008 446 1078 Christi,
461 1025 549 1081 quem
568 1011 624 1066 sub
643 1011 797 1082 speciebus
811 1011 873 1066 vini
898 1026 981 1068 sacra
1032 1010 1122 1068 liatus
1138 1011 1282 1084 usquead
1299 1014 1422 1067 mortem
1438 1010 1577 1083 pependit
1592 1009 1623 1065 in
1637 1024 1741 1066 cruce.
1758 1009 1813 1065 Sed
1825 1027 1865 1067 ea·

156 1098 363 1167 mensanobie,
377 1115 433 1155 non
445 1099 580 1172 figurate,
596 1100 846 1174 sedvereproebet,
863 1102 980 1174 quando
1032 1100 1093 1158 tius
1108 1105 1153 1158 est
1167 1099 1293 1174 opinari,
1309 1115 1376 1156 cum
1391 1099 1520 1157 dicitur:
1548 1098 1618 1157 lube
1643 1099 1706 1156 laeee
1736 1102 1863 1170 perferri,

157 1187 981 1264 appellatumvidemusculicemeututirperpetuaedicents
1034 1190 1107 1246 nihil
1123 1190 1202 1247 aliud
1218 1189 1346 1260 exoptari
1361 1188 1398 1244 ab
1418 1189 1557 1255 Ecclesia,
1574 1187 1634 1245 nisi
1648 1192 1682 1243 ut
1696 1187 1737 1242 ad
1753 1186 1864 1245 coeleste

156 1278 301 1334 Domino:
318 1277 373 1348 Qui
394 1279 541 1335 munducat
556 1296 647 1336 meam
661 1297 772 1338 comem
788 1285 815 1338 el
829 1281 899 1337 bibit
913 1298 980 1337 sou·
1033 1279 1126 1336 altare
1137 1281 1234 1353 (cujus
1247 1279 1357 1336 mentio
1371 1277 1734 1350 estinapocalypsi),sive
1762 1276 1798 1332 ad
1814 1293 1864 1333 ete·

155 1371 380 1441 patremmeum,
393 1368 474 1426 luctet
493 1370 579 1427 uilem
603 1377 748 1427 aternam.
770 1371 811 1427 En
836 1371 906 1444 quid
922 1371 982 1428 sint
1033 1370 1137 1426 testem
1149 1369 1346 1455 Deithronum
1358 1367 1598 1426 etsanctuarium
1612 1365 1805 1433 Divinitatis,
1820 1382 1865 1440 per

156 1458 234 1515 dona
250 1462 316 1530 pust
330 1461 593 1516 consecrationem.
610 1460 651 1516 to
667 1459 923 1534 becegnoscendo
936 1461 981 1517 ni·
1034 1458 1170 1531 angelum
1186 1458 1249 1531 (qul
1261 1457 1444 1515 orationibus
1455 1457 1584 1514 fidelium
1596 1456 1741 1512 vivorum
1754 1460 1864 1527 preest,

156 1546 198 1604 bil
214 1547 293 1604 aliud
309 1548 446 1620 exigitur,
461 1549 519 1606 nisi
534 1549 652 1607 animus
665 1550 761 1623 pravis
778 1551 981 1608 allectionibus
1034 1565 1142 1622 easque
1158 1549 1193 1605 ad
1209 1555 1325 1607 Patrem
1342 1548 1445 1620 deleat,
1461 1548 1504 1604 uti
1520 1548 1633 1621 pariter
1644 1546 1676 1602 in
1687 1544 1864 1619 Apocalypsi

156 1641 186 1695 et
195 1637 375 1711 prejudiciis
387 1638 470 1695 liber.
610 1688 614 1695 .
1034 1636 1152 1712 legitur)
1167 1639 1337 1695 deierantur
1352 1637 1511 1704 erutiones,
1536 1641 1603 1693 uota
1619 1642 1650 1693 et
1664 1634 1796 1704 oblatio,
1812 1636 1866 1693 sive

191 1764 234 1819 Ad
250 1764 372 1820 alteram
388 1764 544 1838 Bingbami
559 1767 817 1841 interrogationem
842 1769 981 1841 proceda·
1035 1728 1228 1796 ⁸⁸⁰‘ffi‘3ium’
1243 1728 1322 1800 ‘¹⁰⁰⁶
1338 1733 1409 1786 ²⁰⁰⁰
1424 1732 1482 1784 ⁰⁸⁰
1494 1727 1629 1784 “mistur-

157 1870 234 1911 mus.
250 1853 367 1910 Nullam
383 1854 432 1911 ille
445 1856 693 1928 comparationem
709 1856 821 1915 invenit
844 1858 921 1915 inter
933 1876 979 1915 sa·
995 1833 1019 1901 Β
1069 1855 1169 1928 Neque
1180 1855 1258 1912 onim
1269 1854 1432 1912 existimari
1445 1851 1720 1927 potestllcclesiam
1736 1856 1865 1925 exoptare

156 1943 359 2014 orificiaitbel,
369 1945 527 2014 Abraham,
538 1951 568 2003 et
578 1946 832 2015 Melchisedecb,ct
843 1949 980 2006 incrueu·
1034 1948 1067 2002 ut
1081 1961 1180 2002 revera
1193 1945 1302 2001 Christi
1318 1961 1424 2017 corpus
1434 1951 1461 2000 et
1476 1943 1600 2016 sanguis
1615 1943 1654 1999 de
1665 1941 1761 1998 altari
1775 1942 1804 1997 in
1814 1959 1864 1999 co·

156 2037 220 2090 lum
237 2032 349 2103 altoris,
371 2034 415 2090 uti
431 2034 570 2091 Catholici
585 2036 726 2093 sentiunt.
738 2036 892 2094 Dorondus
903 2044 982 2097 esset
1033 2033 1106 2102 lum,
1122 2036 1182 2091 sive
1197 2035 1307 2092 deloco
1321 2032 1457 2090 inferiore
1472 2033 1501 2090 in
1517 2032 1708 2106 superiorem
1726 2032 1863 2100 ferantur,

158 2122 737 2196 BinghamuscensuissesanotosPatres,
747 2127 979 2199 patriarcharum
1034 2140 1101 2180 cum
1118 2123 1172 2180 boc
1186 2122 1249 2180 sine
1264 2122 1418 2193 miraculo,
1435 2138 1528 2195 eoque
1552 2121 1691 2195 perenni,
1726 2121 1792 2177 lieri
1816 2138 1862 2178 ns·

157 2212 315 2279 sacrificia,
327 2229 390 2284 quc
408 2212 466 2270 Deo
484 2213 618 2286 placuere
632 2214 663 2271 iu
675 2214 770 2273 Veteri
783 2217 980 2286 Testamento,
1034 2218 1134 2287 queat,
1148 2217 1177 2270 et
1189 2213 1322 2286 quotidie
1332 2219 1490 2270 cernantur
1499 2210 1631 2269 ooelestia
1642 2214 1728 2268 done
1738 2227 1775 2268 ex
1785 2210 1862 2269 altari

157 2300 223 2358 ideo
238 2300 385 2373 placuisse
401 2303 470 2374 Deo,
487 2303 557 2376 quio
584 2303 689 2361 Filium
716 2305 766 2362 Dei
796 2306 980 2379 unigenitum
1032 2302 1715 2361 terrenouondimoveri.llaocessementem
1732 2300 1862 2359 Ecclesiae

156 2395 259 2465 postea
274 2406 325 2463 pro
334 2391 418 2448 nobis
433 2392 559 2449 hostiam
568 2395 700 2451 loturum
709 2396 981 2468 praefigurabantil·
1033 2393 1193 2452 ediscimus
1204 2409 1239 2450 cx
1249 2392 1316 2451 aliis
1329 2408 1396 2448 cum
1408 2393 1578 2449 Latinorum
1590 2398 1656 2448 tum
1668 2390 1862 2448 Orientalium

157 2480 493 2553 laquesacrificiaiuisee
504 2483 980 2558 liguresprecellentissimisscri·
1033 2481 1172 2556 liturgiis,
1188 2482 1259 2539 dum
1276 2482 1371 2556 prima
1386 2480 1749 2554 oblatiofitpanisetuini.
1766 2481 1798 2536 lo
1810 2484 1861 2536 lto·

125 2576 133 2597 ‘
157 2570 216 2627 licii
231 2571 326 2627 crucis
342 2575 370 2627 et
383 2571 495 2629 altaris.
510 2573 565 2630 Sed
580 2573 636 2632 bao
655 2575 835 2648 inspectione
846 2577 980 2651 dimissa,
1034 2589 1122 2629 muna
1139 2576 1228 2628 Deum
1239 2573 1422 2645 depretiatur,
1440 2570 1612 2628 uiobliiiim
1623 2570 1733 2627 Vinum
1746 2572 1860 2627 m⁰d⁰ffl

158 2661 216 2717 duo
232 2660 262 2717 in
279 2677 310 2717 re
323 2662 460 2734 presenti
476 2663 691 2721 consideranda
705 2671 784 2736 sunt,
801 2665 924 2737 scilicet,
940 2685 982 2726 sa·
1034 2665 1247 2732 consecratum,
1263 2661 1325 2717 eive
1340 2659 1426 2729 calix,
1440 2659 1472 2716 in
1485 2664 1661 2732 conspertum
1677 2660 1787 2718 dictus
1808 2661 1861 2716 Ια-

157 2750 980 2829 crillcium,etressacrificsta,sivsqoieacrilleiomia-
1032 2751 1220 2823 ieetotiscum
1236 2751 1474 2808 odoreeuouitatie
1497 2750 1640 2807 ascendut.
1668 2751 1703 2806 lu
1735 2750 1862 2824 Litargia

156 2840 207 2909 ait,
222 2845 251 2895 et
264 2840 386 2896 victima
404 2857 467 2913 quae
483 2843 603 2899 ollertur
617 2850 686 2901 Deo.
707 2845 864 2919 Nunquam
881 2853 980 2905 autem
1033 2840 1126 2898 saneti
1141 2839 1238 2897 Basilii
1254 2840 1331 2912 apud
1347 2843 1469 2897 Goarem
1484 2856 1492 2896 ι
1510 2841 1640 2897 Ultimus
1663 2839 1749 2912 ueni
1760 2840 1815 2896 tibi
1826 2842 1862 2911 ef·

157 2927 286 2986 Ecclesia
299 2930 456 2987 somniavit
471 2937 598 3003 peteres
622 2932 680 2990 Deo
705 2938 738 2991 ut
755 2941 903 3010 acceptam
928 2938 980 2995 ha.
1033 2933 1105 3003 ferre
1120 2931 1171 2988 ltoc
1184 2929 1324 2988 rotioaule
1334 2931 1544 2986 etiucrueutum
1556 2930 1741 3003 sucrificium
1753 2947 1860 3004 prouo-

157 3018 223 3074 bsat
235 3017 317 3074 ittam
334 3018 472 3088 hostiam,
490 3020 541 3077 boo
557 3030 610 3090 est,
627 3039 733 3097 corpus
753 3029 782 3082 et
805 3027 979 3099 sanguinem
1032 3023 1098 3077 urta
1110 3021 1241 3093 peccaris,
1254 3028 1281 3078 et
1293 3021 1390 3093 populi
1412 3019 1594 3092 lacerantem
1610 3037 1667 3093 ouo
1696 3026 1821 3092 suscepto
1834 3023 1861 3077 ie

156 3106 220 3163 Filii
235 3107 291 3176 sni,
313 3124 380 3165 cum
397 3126 482 3167 namo
497 3127 627 3184 unquam
644 3113 720 3171 inter
730 3113 910 3173 christianos
926 3119 980 3174 du.
1032 3115 1126 3167 sancto
1140 3113 1165 3166 et
1185 3109 1368 3167 intellectuali
1381 3112 1428 3167 tuo
1440 3108 1527 3167 ultori
1540 3111 1569 3166 in
1585 3110 1704 3168 odorem
1718 3110 1861 3168 suooitotie

155 3198 257 3255 bitarit
272 3198 343 3272 qnia
359 3201 917 3280 acceptissimasempersitdivinoejus
928 3208 1015 3285 Pit-c
1034 3200 1157 3257 uicissim
1165 3199 1245 3256 nobie
1259 3201 1370 3257 remitte
1378 3199 1499 3273 pretium
1508 3202 1648 3257 souctttui
1654 3203 1795 3274 spiritus.
1803 3205 1861 3258 tlon

156 3287 203 3357 tri,
221 3289 270 3346 ssu
289 3289 361 3361 petit
376 3295 408 3346 ut
422 3292 600 3350 sacrificium
612 3294 648 3350 ab
663 3293 795 3368 indignis
809 3300 838 3354 ot
848 3302 980 3371 peccato·
1034 3307 1103 3364 ergo
1119 3290 1228 3362 petitur
1243 3295 1274 3346 ut
1289 3291 1374 3363 panis
1388 3295 1417 3347 et
1429 3289 1531 3347 vinum
1551 3291 1654 3348 abiate
1679 3291 1802 3349 realiter
1816 3308 1861 3365 per

156 3378 239 3435 ribus
255 3378 397 3436 iactumei
406 3379 534 3453 placeat:
551 3383 625 3455 petit
639 3388 672 3439 ut
683 3389 749 3442 vota
759 3391 787 3442 οι
798 3402 897 3459 preces
907 3389 979 3445 0150.
1032 3380 1210 3437 miraculum
1226 3377 1398 3437 attollantur
1411 3380 1447 3436 ad
1456 3380 1762 3454 supercoelesteultare,
1775 3382 1810 3438 ad
1820 3382 1860 3437 ol·

155 3470 283 3526 rentiam
299 3470 521 3529 immaculatam
538 3471 620 3530 iilam
636 3473 763 3532 hostiam
774 3475 979 3549 piacidovultu
1031 3474 1092 3527 itit
1104 3468 1264 3542 iiiiiiiffllb
1278 3469 1491 3542 quodeceeleiue
1501 3471 1577 3526 coetie
1592 3479 1643 3539 ⁶⁵⁸,
1658 3479 1690 3527 1¹¹
1702 3471 1769 3529 ΕΗΒ
1781 3471 1861 3528 iiiiii·

155 3558 290 3631 eerpiat.
306 3562 338 3615 lo
356 3561 588 3632 precedentibus
602 3564 734 3635 ejusdem
751 3566 849 3624 misses
872 3567 980 3625 itoma-
1032 3561 1087 3633 εἰῶ
1101 3560 1223 3627 hubini.
1239 3559 1290 3615 ⁵⁰d
1305 3559 1531 3617 Uiflssssilflciiim
1547 3561 1770 3633 pingendum,
1786 3561 1858 3634 qood

156 3664 200 3703 ιω
217 3648 355 3721 precibus
370 3655 490 3709 oratur:
506 3651 552 3709 Sic
564 3654 613 3725 fiet
627 3656 801 3727 sucrificium
815 3659 980 3715 noemmin
1032 3651 1238 3723 complectitur
1253 3655 1395 3723 preesset
1408 3667 1490 3723 spem
1504 3649 1594 3709 venio
1610 3651 1650 3708 ab
1666 3652 1858 3710 offerentibus

155 3742 301 3811 conspectu
316 3747 363 3796 tuo
378 3739 470 3808 bodie,
481 3750 511 3798 ut
524 3743 634 3812 placeat
642 3744 706 3810 tibi,
723 3747 842 3802 Domine
852 3747 934 3803 Deae.
947 3749 981 3806 tlt
1032 3745 1214 3814 conceptam,
1226 3744 1254 3797 ei
1268 3741 1306 3797 ib
1320 3756 1422 3798 torum
1438 3741 1551 3798 teilone
1561 3741 1684 3814 pendet,
1700 3759 1802 3800 coram
1817 3742 1845 3798 di

154 3830 328 3900 sucrificium
343 3832 511 3903 acceptabile
521 3833 569 3902 fiat
583 3835 658 3906 opud
672 3837 757 3892 ileum
767 3837 981 3895 Patremomai-
1031 3829 1099 3888 vino
1114 3831 1198 3887 Patre
1212 3830 1336 3887 sistetur
1350 3831 1380 3887 io
1396 3830 1476 3888 coelis
1490 3849 1497 3900 ;
1513 3831 1605 3888 moris
1628 3833 1746 3906 quippe
1769 3837 1815 3890 est
1831 3832 1857 3889 in

154 3923 300 3994 potentem.
316 3921 359 3977 ua
373 3926 402 3977 ot
417 3920 445 3977 tn
464 3923 558 3978 sancit
574 3922 675 3980 Basilii
697 3924 827 3998 liturgia
853 3924 979 3999 tegitur:
1031 3919 1162 3977 scelesta
1172 3920 1280 3976 intueri
1289 3920 1533 3994 Deumuuamvie
1545 3920 1856 3995 omniuraesentemin

155 4011 227 4067 Deus
249 4012 351 4081 proiice
366 4009 484 4081 turpiter
497 4011 532 4069 rto
546 4013 625 4070 nobie
634 4019 665 4068 ut
675 4016 845 4086 sucrificium
856 4019 980 4073 acetrum
1031 4014 1106 4072 solio
1118 4014 1278 4088 presertim
1289 4011 1388 4087 glorie
1399 4029 1457 4069 sue
1468 4029 1501 4068 ao
1511 4011 1616 4068 throno
1629 4014 1804 4084 majestatis
1817 4027 1858 4068 ee·

155 4114 248 4155 corum
263 4102 290 4156 te
304 4102 446 4172 occeptum
459 4101 585 4158 eit.Cum
597 4119 664 4159 vero
675 4103 807 4176 exempla
819 4104 980 4163 babeamus
1032 4105 1147 4162 dentem
1162 4121 1194 4161 ac
1203 4104 1414 4160 dominantem.
1427 4103 1470 4159 lta
1479 4118 1544 4158 cum
1557 4103 1858 4161 sacerdoslnoeoeom

156 4188 208 4244 Dei
229 4186 344 4260 placido
360 4187 442 4246 vultu
458 4190 630 4263 accipientis
644 4192 931 4266 snorillciequiedam
942 4194 980 4252 le·
1032 4193 1128 4251 sdolet
1138 4193 1207 4263 Deo,
1219 4197 1302 4265 rogat
1313 4197 1345 4248 ut
1356 4191 1496 4249 ascendat
1511 4192 1545 4248 ad
1562 4191 1671 4261 Deum3
1687 4198 1716 4248 et
1734 4194 1767 4249 in
1782 4194 1858 4250 litor·

157 4277 203 4349 gis
218 4279 354 4348 antiquie,
370 4280 587 4353 praefigurantia
598 4284 774 4341 sacrificium
793 4284 877 4358 longe
889 4284 980 4342 cacol-
1031 4283 1714 4358 giaGrecasanotiJoaunisChrysostomiapud
1726 4289 1857 4354 Goarem,

158 4363 269 4420 lentius
284 4382 363 4421 novo
379 4368 463 4441 legis,
479 4370 516 4426 iis
528 4371 769 4446 utiturEccleeia,
781 4375 902 4447 utquod
913 4392 979 4430 san·
1032 4380 1061 4431 et
1075 4375 1104 4430 in
1122 4373 1186 4430 aliis
1198 4390 1272 4445 quos
1287 4377 1435 4446 praetereo,
1451 4373 1573 4429 offertur
1591 4372 1775 4447 thymiama,
1795 4372 1859 4449 quot

157 4453 196 4510 cti
211 4453 265 4508 viri
281 4454 318 4509 ob
334 4456 502 4527 puritatem,
513 4459 611 4530 fldem,
620 4462 978 4535 animiquedevotamdis·
1031 4465 1148 4536 suscipe,
1159 4465 1285 4533 Domine,
1296 4464 1325 4519 iu
1336 4472 1462 4519 eoactum
1472 4468 1498 4520 et
1508 4461 1858 4535 eupercoeleeteocinteitc·

157 4543 343 4616 positionem,
372 4546 435 4601 suis
461 4544 660 4606 oblationibus
683 4553 895 4624 impetrarunt,
926 4551 1858 4650 nosnctuoletuumoiture,eto.Proiectonoul'umusctodor

157 4631 257 4700 etiam,
274 4635 593 4708 quanquamimparea,
605 4655 775 4713 quanquam
786 4641 979 4716 indigniobti·
1033 4643 1129 4700 thuris
1144 4643 1180 4699 ad
1197 4641 1302 4698 coelnm
1319 4657 1414 4714 usquc
1428 4644 1637 4713 penetraturus
1653 4644 1800 4714 creditur,
1811 4642 1856 4700 sed

155 4739 291 4783 neamus.
306 4724 348 4780 Ad
363 4725 495 4781 eamdem
509 4727 813 4799 pariterintentionem
827 4734 979 4789 referenda
1029 4733 1150 4806 quidem
1166 4731 1313 4789 orationes
1330 4736 1358 4788 et
1371 4730 1493 4788 affectus
1507 4730 1671 4787 sacerdotis
1687 4737 1720 4789 at
1748 4732 1856 4807 populi,

156 4818 225 4869 suot
240 4829 303 4887 qua
319 4815 553 4888 subsequuntur,
570 4818 756 4892 supplicante
772 4823 921 4879 sacerdote
946 4827 978 4879 ut
1031 4821 1229 4879 odorationem
1246 4819 1412 4893 prestantis
1426 4818 1485 4877 Deo
1501 4837 1552 4893 per
1564 4819 1619 4876 hoc
1640 4821 1779 4894 signum,
1794 4821 1857 4877 illuc

154 4909 232 4961 Deus
245 4904 348 4976 jubeat
361 4905 420 4963 liaec
433 4909 556 4979 perferri
564 4924 613 4980 per
626 4926 726 4966 murrae
738 4911 980 4982 eoacticnpelieui
1032 4916 1222 4986 perventuros
1237 4926 1402 4983 speramus.
1419 4911 1520 4982 ltaque
1533 4909 1563 4965 iu
1584 4910 1773 4981 praelaudata
1798 4927 1858 4968 ora·

154 4995 185 5050 in
199 5003 372 5067 conspectum
386 4996 489 5054 diuinae
504 4998 655 5071 ltoy'eetotie
664 5017 729 5057 suc.
740 5002 839 5073 lnquit
852 5001 900 5060 hic
910 5003 980 5059 liin·
1033 5002 1111 5059 tione
1126 4999 1590 5074 petitur,nonutdivinapresens
1601 4997 1704 5056 hostie
1715 5001 1858 5060 deleratur

155 5085 299 5156 ghamus:
318 5107 328 5135 ι
347 5087 409 5150 Quo
425 5093 509 5159 pacto
523 5089 867 5163 Christus,quisedetad
880 5093 980 5150 dexte·
1033 5091 1062 5147 in
1079 5088 1195 5157 coelum,
1212 5090 1240 5146 id
1258 5105 1349 5146 uuum
1366 5087 1495 5146 llccleeia
1510 5089 1581 5162 petit
1595 5104 1667 5145 cum
1687 5089 1812 5148 Daniele
1831 5092 1858 5145 ut

156 5188 217 5228 ram
233 5173 339 5244 Patris,
357 5177 519 5233 ministerio
535 5183 600 5252 eget
615 5181 797 5254 angelorum,
810 5187 841 5238 ut
850 5183 978 5255 periero·
1032 5181 1082 5252 fiat
1096 5180 1402 5251 sacrificiumnoetrum
1416 5180 1446 5234 iu
1467 5185 1610 5251 conspectu
1629 5181 1692 5246 Dei,
1718 5185 1746 5236 et
1758 5182 1858 5253 placeat

155 5265 206 5315 tur
219 5262 255 5317 ad
271 5263 385 5320 Patrem
402 5282 432 5322 ιιι
448 5266 565 5324 ooeleste
577 5268 711 5326 alteret»
726 5271 902 5343 Hujusmudi
920 5272 978 5327 mi·
1034 5268 1207 5341 illi(lluniei.
1221 5284 1264 5338 ιιι,
1280 5269 1338 5340 lb),
1353 5268 1407 5324 hoe
1422 5272 1478 5335 est,
1493 5273 1525 5324 ut
1539 5268 1575 5324 ad
1590 5267 1686 5324 Deum
1716 5270 1858 5327 deleratur

154 5349 276 5406 nisterio
287 5357 364 5410 certe
377 5371 433 5411 non
450 5357 563 5430 indiget
577 5358 720 5417 Dominus
744 5365 854 5429 noster,
870 5361 905 5417 de
922 5378 980 5433 quo
1034 5360 1228 5428 oratio,actio,
1251 5365 1280 5416 et
1295 5358 1403 5417 oblatio
1419 5364 1529 5426 nostra,
1541 5365 1631 5432 atqua
1646 5361 1676 5417 in
1703 5367 1858 5437 conspecta

154 5437 382 5511 chrysostomus
397 5445 437 5500 ait
454 5463 461 5502 :
478 5469 492 5497 c
505 5446 558 5511 Oui
575 5464 641 5505 cum
658 5455 740 5506 Patre
756 5467 874 5506 eorsum
887 5451 979 5521 sedet,
1034 5450 1086 5507 Det
1101 5450 1131 5506 ia
1147 5448 1219 5506 coelo
1233 5449 1505 5523 complenturquod
1522 5449 1692 5508 interrestri
1704 5452 1791 5509 altari
1802 5469 1861 5527 per·

153 5527 248 5584 inille
263 5527 327 5600 ipso
342 5533 483 5604 temporis
499 5535 762 5595 articuloomnium
772 5539 980 5611 manibusper·
1036 5538 1144 5613 agitur,
1161 5545 1189 5596 ot
1200 5556 1234 5596 ex
1250 5540 1419 5614 praestantia
1431 5539 1557 5597 coelestis
1570 5539 1710 5606 victimae,
1727 5547 1758 5599 et
1773 5560 1806 5600 ex
1820 5560 1861 5600 ac·

153 5621 306 5687 tractatur,
322 5635 393 5676 ause
408 5623 668 5683 traditiolentibus
680 5628 812 5701 accipere
819 5628 981 5700 (chrysost,
1037 5630 1201 5702 reptatione
1217 5631 1353 5689 sacrificii
1366 5632 1472 5700 nostri,
1483 5631 1513 5687 iu
1525 5648 1579 5689 nos
1589 5631 1699 5689 deinde
1710 5635 1810 5691 omnis
1818 5635 1862 5691 be·

157 5705 176 5770 t.
192 5724 225 5765 ιιι
240 5707 447 5782 deiecerit»
464 5711 572 5769 Verum
588 5716 644 5773 etsi
672 5718 807 5775 Ecclesia
834 5734 942 5776 sensus
957 5719 982 5778 is
1038 5719 1165 5778 uediotio
1179 5722 1349 5780 descendat.
1366 5721 1425 5779 lloo
1440 5721 1859 5795 subsequentiaverbeconlir·
