3960 6240
191 363 224 417 91
779 363 827 415 DE
847 360 942 414 Vl‘l'lS
961 359 1110 413 PATRUhl
1130 358 1237 412 arcun
1257 358 1305 412 lx.
1864 350 1900 405 92

191 492 241 545 tus
256 489 409 546 oonllrmet
421 503 456 544 ea
466 503 530 559 quae
539 488 687 543 dicuntur.
700 485 754 541 Sed
769 484 909 559 quoniam
921 486 1019 539 trans·
1032 498 1060 566 Α
1074 481 1150 556 phin
1162 482 1365 540 narrationum
1378 482 1509 539 convivio
1519 480 1653 555 excipere
1663 478 1779 553 possint
1787 495 1839 537 eoa
1850 477 1901 550 qui

190 577 348 635 mittentur
363 576 399 634 ad
415 581 553 650 posteros
568 576 680 649 scripta
693 575 801 631 harum
816 572 1021 630 narrationum
1074 571 1221 644 ignorant.
1239 571 1289 629 llle
1300 575 1398 629 autem
1412 589 1420 628 ε
1433 572 1496 628 Non
1508 569 1646 642 alicuius,
1659 568 1768 642 inquit,
1778 566 1901 625 alterius

194 667 278 739 (sunt
293 671 393 723 autem
410 664 513 722 multis
529 681 616 722 cures
640 664 735 737 magis
751 661 910 719 incredule
931 677 1019 734 quam
1073 661 1123 715 sed
1138 676 1203 718 mes
1217 659 1423 718 causaveniin
1436 664 1576 727 montem,
1593 663 1622 715 et
1632 673 1701 714 cum
1711 661 1841 715 scateam
1852 655 1901 712 ad·

189 754 280 828 oculi)
306 754 512 812 imbecillitate
536 753 707 811 auditorum
733 752 892 810 metiemur
920 767 1020 807 narra·
1074 752 1196 808 medum
1207 745 1902 824 multispeccatorumuleeribus,plurimacpus

192 844 314 900 tionem.
1074 843 1167 901 habeo
1194 839 1346 897 medicina
1359 857 1367 904 ;
1381 844 1411 896 et
1426 854 1460 896 ea
1475 839 1512 896 de
1535 854 1624 894 causa
1647 852 1698 895 ore
1725 835 1901 893 clamentem

228 928 1022 1005 lliergosedificaruntaliiquoquemaximamedemin
1073 929 1243 1001 Dominum,
1269 934 1302 986 ut
1325 929 1403 986 §aa
1430 928 1504 985 mibi
1526 927 1655 1000 piabant
1684 925 1900 983 medicamenta

192 1021 255 1078 vico
272 1021 449 1094 propinquo,
462 1037 525 1094 quac
536 1036 595 1077 non
611 1018 813 1076 distntmultis
824 1017 938 1075 stadiis.
950 1016 1021 1074 Gon·
1074 1038 1138 1094 que
1154 1036 1220 1077 mea
1244 1023 1348 1076 curent
1361 1017 1443 1076 vitia.
1468 1018 1618 1086 Quomodo
1633 1031 1702 1089 ergo
1726 1031 1785 1072 nen
1810 1015 1901 1072 luerit

192 1110 286 1167 struxi
296 1108 721 1184 egoquequeloculuminede
732 1106 1020 1180 victoriainsignium
1073 1110 1158 1167 valde
1182 1108 1458 1183 reprehendendum
1483 1116 1511 1165 et
1533 1106 1619 1165 valde
1644 1104 1782 1176 stultum,
1806 1103 1898 1160 inter·

191 1198 406 1272 apostolorum.
419 1202 473 1256 Sed
494 1216 561 1256 cum
577 1199 633 1256 hoo
648 1198 819 1256 rescivisset
830 1196 873 1254 vir
888 1196 1020 1266 divinus,
1074 1215 1211 1273 rumpere
1235 1199 1356 1270 quidem
1372 1197 1478 1255 seriem
1494 1194 1649 1266 orationis,
1667 1193 1785 1252 interim
1802 1197 1901 1251 autem

191 1304 268 1361 sepa
279 1305 325 1346 me
334 1288 446 1362 rogavit
455 1293 487 1344 ut
498 1289 528 1344 in
540 1288 591 1345 illo
604 1291 702 1344 monte
713 1303 820 1359 corpus
832 1286 1022 1343 mandaretur
1072 1289 1155 1362 loqui
1166 1304 1233 1345 cum
1245 1282 1904 1356 hominibusiSienimhominis,quiestejus·

191 1378 362 1451 sepulture.
385 1380 444 1451 ligo
456 1383 555 1435 autem
579 1394 657 1450 sepe
673 1377 732 1433 dixi
743 1377 825 1451 quod
838 1392 895 1434 uon
907 1362 1021 1448 oportet
1073 1378 1139 1435 dem
1155 1379 1241 1451 cuius
1257 1393 1311 1452 ego
1327 1381 1450 1446 natura,
1466 1391 1562 1433 essem
1587 1373 1730 1445 famulus,
1745 1388 1780 1430 eo
1801 1375 1902 1429 autem

191 1479 260 1522 eum
273 1466 324 1536 qui
340 1466 429 1522 vitam
442 1469 616 1538 pausantem
630 1482 687 1522 non
702 1466 822 1536 curarit,
836 1461 962 1536 sepulcri
974 1478 1022 1519 ou·
1072 1460 1859 1541 temporequoestministrandumdominc,dimittans
1871 1460 1902 1516 in

191 1570 254 1610 ram
270 1570 382 1627 gerere.
400 1555 451 1613 Ubi
468 1559 564 1611 autem
576 1555 636 1611 vidi
647 1554 702 1611 boc
714 1556 740 1612 ei
749 1569 815 1612 esse
825 1553 916 1622 cordi,
928 1550 1020 1610 annui
1073 1556 1314 1630 temporsafferre
1326 1555 1425 1613 eibum
1436 1553 1481 1612 vel
1491 1551 1822 1629 potum,conlabularer
1831 1565 1901 1607 cum

191 1648 220 1700 et
232 1660 299 1700 sum
310 1661 462 1711 assensus,
478 1648 508 1701 et
519 1643 573 1701 leci
584 1649 618 1700 ut
627 1644 812 1701 scinderetur
822 1659 891 1700 arca
903 1646 932 1699 et
953 1659 1019 1699 sur·
1072 1647 1172 1720 aliquo
1185 1663 1219 1704 ex
1227 1646 1388 1717 conservis,
1399 1648 1471 1717 quot
1481 1643 1584 1718 plagas
1590 1643 1658 1714 ,lure
1670 1641 1837 1714 acciperem
1847 1643 1858 1697 i
1867 1639 1900 1696 Si

190 1749 256 1789 sum
269 1734 404 1790 terretur.
414 1738 488 1792 cum
500 1733 736 1791 autemviderem
750 1731 877 1806 lapidem
886 1747 1020 1805 corumpi
1072 1742 1246 1796 autemeam
1258 1734 1562 1806 etiemaccessisssm,
1576 1733 1612 1790 ad
1622 1730 1788 1806 praesidem,
1800 1735 1830 1786 et
1841 1744 1902 1801 qua

189 1840 205 1878 t
221 1822 336 1894 pruina.
360 1824 460 1895 wgtvi
477 1829 510 1879 ul
526 1823 637 1880 sineret
660 1838 734 1878 ποῶ
750 1839 869 1895 parvam
886 1822 949 1878 fieri
965 1821 1019 1878 do·
1072 1826 1219 1899 abaliquo
1234 1825 1347 1881 allicior
1361 1822 1816 1895 narransinJuriam,sermonsm
1830 1819 1903 1891 qui-

190 1910 363 1968 munculam
379 1930 387 1972 :
404 1912 453 1969 ubi
480 1921 578 1968 eutem
591 1913 693 1984 jussit,
710 1917 738 1968 et
753 1912 879 1984 perlecto
897 1910 1018 1967 aedilicio
1071 1916 1138 1972 dem
1149 1914 1286 1972 inmedio
1298 1911 1645 1986 interrumperem,apud
1657 1910 1786 1984 aliquem
1798 1912 1900 1966 autam

190 2005 302 2058 tectum
313 2001 517 2075 imposuimus
528 2019 535 2057 :
548 2001 612 2058 Non
621 2002 726 2074 patiar,
739 1999 846 2074 inquit,
858 2000 913 2057 hoc
925 2000 1019 2058 vocari
1071 2020 1104 2060 ex
1121 2003 1316 2077 presentibus
1330 2000 1430 2076 aliqua
1440 2001 1499 2059 alia
1514 2000 1603 2058 rerba
1615 2000 1759 2068 lacerem
1774 2014 1834 2055 non
1846 1996 1901 2052 tibi

190 2090 362 2164 sepulcrum
373 2091 473 2148 iacobi
484 2108 494 2154 ,·
504 2092 553 2148 sed
564 2090 629 2147 volo
642 2090 719 2147 hanc
730 2090 793 2148 llari
804 2090 896 2147 sedem
908 2094 1018 2162 marty·
1069 2092 1285 2164 videturjudex
1294 2092 1324 2149 id
1334 2107 1410 2165 segre
1423 2107 1489 2149 esse
1498 2089 1625 2160 laturus,
1636 2093 1666 2145 et
1675 2086 1820 2146 auxilium
1832 2084 1898 2159 qui·

191 2179 729 2255 rumvictorieinsignium;meantem
742 2177 1017 2253 tanquamaliquem
1070 2183 1137 2239 dem
1151 2197 1216 2239 sess
1231 2183 1439 2253 denegaturus,
1453 2179 1554 2253 ilagris
1569 2183 1668 2236 autem
1680 2180 1820 2250 praterea
1830 2189 1899 2232 esse

190 2267 1016 2344 inquilinumponiinalterosepulcro‚utquidignussim
1069 2267 1900 2344 casurus‚etatribunaliejecturus‘louommodcergosst

186 2357 307 2416 babitus
322 2361 441 2432 utapud
454 2375 504 2416 eos
519 2359 695 2415 habitarem.
708 2358 808 2431 Neque
820 2374 888 2415 vero
899 2357 955 2415 boo
966 2374 1015 2414 so·
1068 2361 1229 2418 honestum
1246 2365 1279 2417 ut
1293 2375 1396 2417 servus
1406 2359 1527 2432 quidem
1542 2358 1572 2414 in
1588 2357 1753 2423 dominum,
1775 2355 1828 2427 qui
1842 2371 1897 2410 au·

185 2447 248 2503 lum
266 2447 348 2520 dixit,
365 2449 415 2505 sed
433 2448 521 2506 etiam
535 2449 622 2517 iecit3
639 2452 746 2504 etcum
768 2445 879 2503 multos
895 2445 1013 2518 quidem
1067 2455 1126 2506 tem
1141 2448 1287 2524 supplicat
1310 2449 1340 2504 in
1353 2448 1498 2520 iudicem,
1516 2446 1558 2503 ita
1573 2451 1607 2503 ut
1621 2449 1735 2519 oportet
1748 2460 1779 2501 se
1792 2448 1896 2516 gerat:

188 2538 358 2610 prophetas,
371 2536 481 2596 multos
495 2540 594 2594 autem
605 2534 765 2609 apostolos,
777 2534 1012 2591 maximeautem
1066 2555 1120 2613 ego
1135 2544 1234 2595 autem
1250 2540 1283 2594 ad
1299 2538 1393 2595 Deum
1408 2541 1438 2594 ei
1451 2542 1591 2593 eternum
1613 2534 1782 2605 nominum,
1792 2537 1823 2590 eg
1833 2532 1888 2589 Ju.

190 2624 335 2698 plurimos
351 2631 494 2701 martyres
509 2625 641 2700 undique
657 2624 834 2698 collegisset,
850 2639 900 2680 eos
917 2623 1015 2694 posuit
1065 2629 1160 2685 dicem
1172 2627 1419 2699 justissimum,et
1433 2625 1567 2684 omnium
1579 2625 1687 2698 Regem
1699 2623 1897 2689 accedena,ne

184 2714 214 2770 in
228 2731 286 2771 una
301 2716 483 2784 anteuolans
495 2713 584 2771 simul
599 2713 732 2770 habitare
743 2729 810 2769 cum
823 2711 932 2786 populo
944 2728 1014 2768 ⁸⁸11·
1065 2717 1199 2775 similiter
1212 2716 1332 2789 quidem
1349 2721 1437 2789 atque
1447 2716 1468 2774 ii
1484 2715 1621 2773 accedam
1634 2734 1641 2784 ς
1652 2714 1703 2770 sed
1716 2713 1794 2769 inter
1805 2728 1895 2770 oran·

185 2807 312 2873 ctorum,
324 2804 535 2862 etdesiderans
546 2819 613 2860 com
625 2801 668 2859 eis
683 2817 845 2874 resurgere,
858 2804 886 2858 et
896 2800 1012 2875 dignari
1067 2808 1138 2863 dum
1159 2823 1206 2864 ma
1221 2811 1388 2863 convertam
1405 2806 1440 2863 ad
1462 2820 1630 2872 conversos,
1648 2806 1678 2860 st
1692 2801 1803 2875 prolixo
1823 2815 1894 2857 cnm

183 2891 235 2948 Dei
244 2893 510 2966 comtemplatione.
519 2893 681 2949 Hccauiem
689 2890 841 2948 sullicitad
849 2889 1011 2946 taciendam
1063 2897 1106 2953 eis
1121 2900 1189 2953 utar
1201 2911 1339 2953 sermone
1349 2895 1364 2952 i
1375 2894 1478 2952 Haecet
1487 2893 1596 2963 andivi,
1609 2898 1638 2951 et
1647 2893 1741 2950 adeor
1752 2890 1804 2962 qui
1815 2904 1894 2963 agre

186 2982 385 3053 conjecturam
402 2986 512 3054 quanta
526 2985 591 3054 elus
606 2984 685 3038 esset
698 2979 853 3037 modestia.
866 2978 919 3046 Oui
930 2980 1009 3036 enim
1063 2986 1161 3043 lerunt
1176 2984 1329 3042 transmisi
1339 3001 1347 3055 ;
1359 2989 1389 3041 st
1412 2984 1486 3041 mihi
1497 2983 1614 3039 videtur
1624 2979 1891 3054 rectspulchreque

182 3075 281 3128 tactas
293 3087 364 3144 opes
374 3071 541 3143 collegerat,
553 3069 674 3144 perinde
685 3069 869 3126 acsiassstin
879 3073 1010 3125 extrema
1064 3075 1186 3133 dixisse.
1201 3074 1275 3132 Nam
1291 3078 1397 3149 praeter
1410 3090 1445 3131 aa
1458 3090 1523 3148 quae
1538 3072 1618 3129 dieta
1633 3075 1715 3142 aunt,
1739 3074 1785 3127 sat
1798 3068 1891 3125 etiam

183 3165 369 3234 paupertate,
384 3160 561 3218 desideravit
571 3158 705 3216 habitare
718 3163 860 3230 inaquam
881 3157 1008 3231 peregri·
1065 3166 1229 3224 amantium
1241 3164 1406 3238 proprium,
1417 3178 1521 3220 omnes
1529 3161 1649 3234 quidem
1659 3159 1733 3218 alios
1740 3156 1893 3231 despicere

183 3266 242 3306 nus
253 3251 331 3323 apud
343 3250 446 3307 divites
458 3253 645 3307 mercatores.
657 3248 763 3316 Quales
775 3246 1009 3321 ergovsnerendi
1065 3255 1109 3311 illi
1125 3258 1225 3311 autom
1241 3253 1297 3310 soli
1312 3268 1400 3325 quem
1417 3257 1519 3310 amant
1533 3256 1563 3309 et
1582 3250 1711 3323 diligunt
1731 3247 1892 3317 adhaerere,

184 3339 259 3395 mibi
273 3339 379 3413 eapitis
395 3339 455 3396 sint
468 3338 595 3410 luheren,
611 3342 642 3395 et
668 3340 779 3410 quanta
793 3336 964 3404 cortamina,
981 3339 1010 3392 et
1063 3359 1191 3416 eumque
1205 3347 1235 3401 gt
1249 3346 1338 3400 noctu
1353 3342 1513 3413 somniare,
1530 3345 1559 3398 et
1573 3339 1701 3397 interdiu
1718 3336 1892 3409 visioneap·

182 3433 323 3500 quantam
335 3429 459 3502 gratiam
474 3428 619 3500 acceperit
631 3426 784 3493 diuinitus,
796 3428 825 3482 ot
836 3441 924 3498 quam
936 3423 1012 3481 mul·
1064 3432 1256 3506 prehendere,
1280 3432 1348 3489 1d00
1363 3430 1436 3488 mihi
1459 3430 1575 3488 videtur
1588 3443 1666 3502 oegre
1690 3427 1777 3499 terre,
1792 3430 1826 3482 ut
1839 3424 1892 3496 qui

181 3516 221 3574 tis
236 3518 275 3574 sit
292 3517 421 3575 victoriis
434 3516 557 3591 potitus,
574 3521 602 3574 et
617 3531 707 3602 quam
721 3513 825 3571 multis
840 3514 957 3572 coronis
968 3531 1012 3571 or·
1064 3521 1094 3579 in
1110 3538 1145 3579 aa
1159 3521 1279 3596 quidem
1296 3538 1385 3593 quam
1401 3519 1550 3577 desiderat
1564 3521 1695 3576 versetur
1709 3513 1892 3587 contempla·

186 3609 287 3677 natus,
303 3605 365 3663 haeo
378 3607 414 3663 ud
430 3605 644 3663 ostendendum
660 3603 826 3662 sufficiunt·
1064 3611 1156 3680 tione,
1171 3610 1363 3685 prohibeatur
1377 3612 1476 3667 autem
1492 3607 1607 3682 impleri
1622 3604 1787 3680 expetenda
1800 3607 1829 3660 et
1843 3603 1892 3659 di·

216 3695 363 3761 Quoniam
380 3699 481 3753 autem
495 3711 617 3768 asperos
632 3699 660 3751 et
681 3692 818 3751 ditllciles
833 3694 900 3767 ejus
915 3709 1013 3752 mores
1064 3700 1210 3775 guissima
1225 3716 1290 3772 quas
1305 3707 1419 3756 ametur
1433 3697 1666 3771 pulchritudine.

180 3785 405 3859 reprehendunt
415 3784 555 3858 aliqui,et
566 3800 642 3857 segre
654 3783 839 3856 teruntquod
851 3782 1012 3840 solitudine
1099 3789 1166 3847 Hac
1180 3794 1212 3846 ut
1227 3791 1394 3859 narrantes,
1409 3802 1468 3845 non
1480 3792 1513 3844 ut
1523 3786 1649 3844 encomii
1664 3785 1724 3844 ritu
1735 3782 1893 3841 laudentes

182 3877 338 3950 tantopere
358 3877 519 3935 delectetur
537 3880 567 3933 et
587 3875 688 3948 quista
714 3889 782 3930 cum
806 3873 843 3929 de
860 3887 894 3931 eo
920 3889 1013 3947 pauco
1064 3876 1315 3950 conscripsimus:
1332 3874 1631 3950 brevitatismagnam
1643 3875 1893 3946 ouramgerentes

182 3965 293 4037 dixero,
310 3965 462 4040 imponam
484 3965 571 4021 finem
586 3961 759 4020 narrationi·
775 3961 963 4034 proponitur,
980 3964 1014 4017 ui
1064 3984 1101 4025 ne
1116 3966 1283 4040 prolixitate
1299 3964 1435 4023 molestia
1449 3965 1575 4023 lectores
1589 3964 1788 4022 alliceremus.
1809 3961 1891 4027 Quod

178 4055 241 4127 jani
255 4054 326 4122 dixi,
338 4054 539 4127 aspectandus
549 4053 586 4109 ab
598 4051 751 4122 omnibua3
763 4066 859 4122 neque
870 4050 1011 4108 iossacir·
1063 4056 1089 4115 si
1104 4057 1193 4114 etiam
1210 4055 1299 4113 luerit
1314 4054 1385 4112 huic
1400 4059 1551 4128 superstes
1565 4053 1738 4121 narrationi,
1753 4050 1891 4108 innume·

181 4140 687 4215 (tumdsstuhssitlufl2⁰8⁰l¹⁰⁸¹l<l⁰⁰
700 4138 1001 4198 ssutttbfflssssssuloit·
1063 4146 1169 4204 rabilia
1184 4145 1243 4203 alia
1264 4143 1405 4219 preclara
1420 4145 1551 4202 facinora
1574 4143 1695 4216 adjiciet
1721 4140 1890 4214 prioribus3

181 4234 257 4288 ctus.
267 4231 474 4304 Unusquisque
483 4234 581 4288 sutem
592 4247 628 4288 ex
642 4230 678 4287 iis
695 4229 745 4302 qui
756 4228 910 4299 veniunt,a
920 4229 1002 4287 nullo
1062 4240 1092 4293 st
1105 4235 1155 4293 illa
1167 4252 1283 4308 quoque
1293 4236 1481 4292 conscribent
1496 4234 1557 4304 alii,
1574 4250 1630 4290 nos
1640 4232 1719 4289 enim
1731 4231 1893 4288 bincexcs-

182 4319 310 4378 claustro
320 4320 498 4394 prohibitus,
510 4319 610 4378 statim
620 4319 775 4390 accedens,
785 4318 959 4390 eaquavult
969 4318 1010 4377 lo·
1063 4324 1260 4384 cederevslde
1275 4325 1424 4398 cupimus.
1441 4324 1563 4381 Pietatis
1579 4327 1678 4381 autem
1695 4319 1892 4378 certaminum

184 4411 298 4484 quitur.
314 4409 385 4468 Aliis
402 4415 500 4468 autem
511 4411 696 4468 amatoribus
712 4409 802 4482 hujus
815 4408 1011 4483 philosophie
1063 4414 1240 4488 agonotheta
1255 4417 1285 4471 et
1298 4414 1326 4470 ei
1339 4412 1390 4470 det
1403 4413 1493 4470 ssnem
1509 4413 1634 4485 dignum
1645 4411 1708 4468 suis
1723 4406 1893 4467 certamini·

183 4504 254 4557 sunt
267 4504 296 4558 et
311 4499 396 4558 losse
407 4504 436 4558 et
446 4501 535 4572 iores,
547 4501 629 4559 eteis
644 4498 713 4557 licet
728 4499 785 4556 lrui
797 4498 910 4572 quiete;
921 4499 1010 4573 etqui
1061 4505 1130 4571 bus,
1145 4507 1323 4577 prastetquc
1339 4506 1370 4559 ui
1384 4500 1517 4575 reliquus
1533 4518 1638 4559 cursus
1656 4498 1747 4574 priori
1768 4512 1894 4555 cousen-

183 4595 229 4647 est
244 4587 389 4663 inclusus,
407 4590 503 4664 aperit
518 4606 587 4647 cum
601 4588 739 4657 voluerit,
753 4588 1011 4660 atquantumvult
1024 4588 1048 4655 D
1062 4593 1127 4662 tiat,
1146 4596 1179 4649 ut
1193 4592 1288 4651 victor
1302 4591 1453 4665 perveniat
1467 4591 1503 4648 ad
1521 4598 1641 4661 melam,
1655 4592 1684 4646 et
1694 4591 1828 4646 nostram
1838 4585 1894 4642 im·

182 4679 290 4746 differt,
302 4683 484 4753 &quantum
495 4678 559 4737 vuli
571 4677 710 4751 impletur
721 4677 822 4735 divina
833 4677 1010 4751 contemple-
1063 4681 1253 4740 bacillitatsm
1265 4685 1455 4739 sustentatae
1466 4674 1893 4743 suilulciatsuisorationibus,

182 4768 270 4825 ῐῑῠῠθ·
288 4768 342 4826 Ηῑῦ
353 4768 570 4826 &memborum
583 4767 656 4825 nihil
672 4770 727 4825 etl·
744 4765 887 4834 Quocirca
896 4782 946 4824 eos
956 4767 1012 4825 lert
1066 4772 1281 4840 utconlirmsti,
1297 4769 1583 4844 multasquasaliiin
1595 4764 1808 4826 nosconeecuti
1820 4767 1893 4821 sunt

181 4856 333 4931 egerrime
344 4857 431 4930 quiin
443 4862 576 4930 tempore
587 4855 766 4915 orationisei
776 4855 913 4914 exhibent
925 4856 1012 4914 mole·
1065 4860 1255 4919 uictoriaseis
1268 4858 1439 4934 eripiamus,
1450 4856 1697 4917 strictoresevita
1704 4855 1891 4914 excedamus.

183 4947 290 5017 stiam;
308 4950 338 5005 st
351 4947 376 5004 si
392 4963 458 5004 oum
467 4945 560 5020 jussit
573 4945 705 5020 quidem,
716 4945 816 5002 statim
826 4945 1011 5013 recesserint,

182 5053 287 5093 rursus
301 5036 492 5110 prosequitur
507 5036 681 5095 orationem.
698 5035 781 5103 Quod
794 5034 821 5092 si
832 5034 1014 5107 perrexerint
1364 4998 1480 5058 CAPUT
1498 4999 1590 5058 XXII·

182 5123 320 5184 exhibere
335 5125 513 5196 molestiam,
529 5131 558 5183 et
572 5141 641 5182 cum
653 5123 744 5181 semel
760 5127 812 5181 aut
829 5123 875 5182 bis
889 5124 1013 5196 Jusssrit
1244 5114 1422 5157 'fflfflffiffl
1446 5116 1480 5156 Π
1501 5114 1635 5156 ΠΜΜΗΕ
1656 5095 1714 5170 (56)

180 5229 239 5271 non
255 5214 415 5285 paruerint,
429 5220 501 5272 tunc
511 5230 586 5288 agre
596 5213 694 5271 terens
706 5216 735 5270 st
746 5212 904 5287 increpans
914 5227 1015 5269 aman·
1103 5215 1304 5290 Helimnal57)
1313 5218 1358 5273 est
1368 5215 1446 5289 apud
1458 5231 1512 5273 nos
1523 5214 1643 5288 quidam
1653 5211 1748 5279 vicus,
1759 5209 1810 5284 qui
1821 5209 1892 5268 olim

182 5302 790 5378 dat.hgosutemdsaequoquealiqusndo
801 5318 869 5360 sum
879 5317 948 5359 cum
961 5298 1013 5356 illo
1067 5306 1187 5380 quidem
1203 5305 1316 5378 excepit
1330 5303 1446 5362 semine
1459 5302 1620 5377 impietatis
1632 5301 1803 5365 Marcionis,
1815 5313 1894 5355 nunc

181 5392 310 5464 locutus,
326 5399 355 5453 et
369 5395 429 5453 dixi
445 5396 561 5470 aliquos
578 5395 699 5454 moleste
715 5396 790 5453 lerre
805 5395 882 5468 quod
898 5392 1014 5466 expulsi
1067 5399 1165 5454 autem
1177 5392 1345 5468 euangelica
1359 5393 1468 5450 lruitnr
1476 5391 1668 5468 agricultura.
1680 5391 1750 5464 hius
1761 5390 1797 5446 ad
1808 5386 1894 5446 Meri·

181 5483 301 5553 luerint,
312 5489 408 5543 stnon
420 5485 530 5543 luerint
541 5484 698 5560 participes
709 5485 776 5558 eius
788 5482 1012 5552 benedictionis,
1067 5484 1145 5541 diem
1160 5482 1342 5556 estquidam
1358 5481 1452 5551 collis,
1469 5498 1563 5555 neque
1577 5479 1663 5538 valde
1678 5495 1776 5552 asper,
1798 5491 1894 5549 neque

182 5576 212 5631 et
226 5574 304 5646 quod
319 5579 466 5647 oporteret
478 5591 529 5633 ecs
540 5575 591 5648 qui
606 5574 662 5632 hac
673 5573 709 5631 de
719 5589 810 5632 causa
832 5572 966 5642 veniunt,
983 5576 1013 5630 et
1066 5573 1226 5631 admodum
1236 5570 1364 5630 acclivis.
1376 5573 1450 5630 lneo
1465 5570 1663 5628 monasticum
1678 5570 1721 5626 ced
1732 5564 1893 5626 ilcavitba-

182 5661 240 5720 iter
254 5660 417 5723 multorum
432 5663 547 5722 dierum
558 5662 730 5736 conficiunt,
747 5660 883 5721 recedere
897 5676 956 5720 non
966 5658 1013 5720 ln·
1066 5660 1231 5725 bitaeulum
1241 5659 1414 5722 Thalassius
1423 5659 1466 5721 sir
1475 5658 1670 5733 admirabilis,
1678 5657 1730 5733 qui
1738 5653 1894 5716 satmultis

181 5747 408 5826 diganumsed
418 5746 512 5817 animi
521 5747 624 5813 letitia
633 5746 771 5828 repletos,
782 5749 870 5826 etqui
879 5745 1013 5824 pbiloso·
1066 5749 1185 5829 quidem
1200 5748 1267 5812 atita
1282 5765 1400 5827 quaque
1412 5746 1499 5810 bonis
1517 5750 1688 5822 exornatus,
1710 5745 1892 5806 eadmerum
