3960 6240
132 340 190 397 965

767 343 1015 399 Dissaarsrto.
1034 346 1114 401 CAP.
1135 349 1211 402 Xiil.

1786 347 1841 404 966

128 467 267 525 Ecclesiae
279 466 456 524 sententiam
468 467 504 521 de
515 465 860 536 verbisconsseretiouis,
871 484 959 540 quem
976 474 1002 542 A
1018 486 1071 544 ego
1087 480 1239 543 pretereo.
1252 473 1334 530 Addo
1344 478 1387 530 tot
1402 473 1475 531 alios
1487 475 1602 533 Grecos
1618 476 1778 548 scriptores
1793 493 1840 533 sa·

128 556 254 615 Graeculi
269 557 391 630 quidam
404 573 522 629 carpere
533 562 602 612 sunt
617 555 691 612 ausi.
705 555 874 612 Humiliade
890 575 961 613 sau-

127 650 176 703 cto
188 645 362 719 Philogonio
377 662 383 700 :
398 645 697 702 rflaecmenssvicem
706 643 959 720 expletpraesepis,

126 735 159 791 in
175 753 233 808 quo
246 741 334 791 natue
349 738 395 790 est
405 734 549 790 Christus.
565 733 638 789 Nam
650 738 678 789 ct
694 733 741 790 hic
756 749 879 790 ronrron
893 751 961 793 con·

128 824 959 899 rusnoururcsrumonquidemiasciisinsoiutumuttunc,

127 933 181 973 saa
190 933 322 980 uanique
335 915 453 972 Serurru
463 931 569 971 saucro
584 931 790 971 couvesrrrunr.
805 935 820 963 n
834 915 887 972 Ubi
899 915 960 987 agit

126 1007 165 1063 de
185 1006 358 1072 sacerdotio,
377 1004 436 1059 hec
462 1005 628 1060 hahentur:
645 1026 659 1055 a
685 1004 707 1058 0
734 1003 924 1075 miraculum,
943 1021 959 1059 o

129 1095 178 1152 Dei
195 1095 403 1162 benignitatem
416 1093 422 1149 l
434 1093 488 1158 out
505 1111 571 1150 oum
589 1094 671 1148 Patre
684 1110 804 1150 sursum
820 1095 912 1162 sedet,
929 1093 959 1150 in

126 1183 181 1239 illo
196 1185 259 1255 ipso
271 1184 413 1256 temporis
425 1182 688 1239 articuloamoium
701 1183 836 1239 munibus
847 1189 959 1256 pertru-

128 1279 237 1339 ctatur,
258 1290 291 1329 ec
311 1290 342 1328 se
365 1273 455 1329 tradit
470 1272 633 1328 volentibus
658 1273 757 1344 ipsum
772 1273 903 1346 accipere
932 1277 960 1330 at

130 1362 284 1433 complecti
301 1362 464 1435 (chrysost,
482 1362 500 1416 l.
516 1378 548 1418 111
564 1360 596 1417 de
611 1361 736 1429 Sacerci).
755 1383 769 1411 n
786 1363 819 1417 ln
833 1361 889 1416 alia
904 1361 959 1417 ho·

130 1450 234 1506 milia:
254 1474 264 1499 ι
282 1449 418 1518 Recolite,
435 1450 505 1521 quia
529 1449 608 1506 illins
636 1464 815 1505 consuesse
837 1466 871 1505 rr
890 1465 959 1505 siu·

128 1556 207 1605 aurs,
220 1555 270 1603 our
282 1557 375 1596 susan
391 1556 492 1596 emaus
505 1555 631 1606 aasroer,
646 1555 696 1602 our
707 1555 743 1594 aa
755 1555 874 1594 nuceam
890 1555 958 1595 sur·

131 1645 262 1685 rarcmsa
275 1646 435 1686 ancarana.
450 1629 542 1696 illius,
557 1628 691 1701 inquam,
705 1628 754 1700 qui
770 1627 901 1700 proxime
916 1645 962 1683 ae·

1015 576 1092 628 oros,
1104 577 1155 632 per
1169 560 1379 635 subsequentia
1390 563 1498 619 saecla
1508 565 1668 621 concordes
1685 567 1712 621 in
1735 566 1840 636 hujus-

1015 648 1094 704 modi
1105 650 1251 722 dogmate,
1268 668 1392 724 quornm
1410 653 1579 710 testimonia
1594 659 1732 728 congestu
1748 654 1839 710 habes

1014 735 1045 792 iu
1059 737 1143 794 libris
1155 739 1190 794 de
1205 741 1404 812 perpetuitate
1415 741 1491 799 litei.
1504 742 1566 799 Uno
1582 745 1680 810 verbo,
1696 743 1777 799 nulla
1788 745 1841 798 du·

1015 825 1117 883 bitatio
1133 834 1268 899 superest
1283 830 1354 902 quin
1377 831 1572 889 Ecclesinrum
1588 832 1756 889 Graeearum
1773 850 1837 888 sen·

1013 914 1106 971 tentia
1115 917 1151 971 de
1163 917 1354 990 Eucharistia,
1363 925 1423 976 tam
1434 921 1623 992 antiquarum
1635 938 1725 993 quam
1740 937 1840 977 racen-

1014 1001 1101 1070 tium,
1113 1005 1212 1061 eadem
1225 1008 1447 1078 semperluerit,
1458 1014 1488 1063 et
1497 1009 1594 1065 adbuc
1609 1009 1655 1077 sit,
1673 1026 1762 1081 quam
1774 1026 1838 1081 qum

1015 1108 1032 1147 a
1048 1092 1181 1150 Romana
1197 1095 1325 1152 Ecclesia
1340 1098 1469 1153 creditur
1483 1102 1511 1153 et
1522 1098 1708 1171 praedicatur.

1049 1180 1240 1255 ierosolymis
1252 1185 1451 1257 antiquitusin
1465 1205 1518 1243 usu
1535 1187 1837 1261 initliturgiasubnm

1015 1269 1838 1349 mineiacobilratrisDomini,quaGraeaprimum,tum

1013 1357 1300 1432 Syriacalingualuit
1310 1363 1485 1435 conscripta,
1493 1367 1639 1439 quodSyri
1651 1366 1838 1438 potissimum

1013 1447 1838 1527 ineacivitateversarentur.Certumquippoestomnium

1013 1537 1841 1614 uetustissimusliturgiusinricntoGrecislitterisluisse

1014 1628 1213 1700 consignatas.
1231 1628 1402 1685 Hecautem
1420 1630 1540 1705 liturgia
1555 1638 1618 1688 tum
1635 1651 1651 1689 a
1666 1632 1839 1690 Christianis

130 1717 194 1774 sitit
208 1717 435 1775 immortaliDei
448 1718 594 1790 patentia.
618 1715 775 1789 Hujusnos
792 1716 960 1772 delibamus
1014 1714 1167 1786 Jacobitis,
1195 1719 1464 1792 Monophysitarum
1489 1738 1617 1777 errorem
1634 1723 1839 1795 profitentibus

131 1812 611 1864 saucuraeuetraoruruucearus
620 1805 889 1862 nobiseumendum
900 1810 957 1861 tra·
1016 1809 1103 1860 tuma
1114 1804 1434 1864 Melchitisorthodoxis
1446 1814 1490 1865 ost
1501 1815 1649 1880 usurpata.
1661 1813 1838 1867 Sunttumeu

132 1899 209 1956 didit
223 1900 307 1969 (hiem
322 1900 394 1954 horn.
418 1899 436 1954 3
452 1916 482 1954 m
498 1897 583 1968 aaut.
601 1897 637 1952 ud
659 1897 782 1967 siphea).
799 1895 886 1952 Plura
901 1914 959 1952 non
976 1851 999 1913 B
1014 1891 1517 1971 iispopulisetulierliturgcire,quus
1525 1900 1726 1955 Rennudotius
1733 1899 1840 1970 publici

132 1987 254 2044 addo.0
271 1988 384 2044 utinam
410 1988 460 2059 qui
476 1986 616 2044 ineliabili
639 1986 706 2042 huic
722 1993 907 2041 sacramento
920 1989 960 2051 {ac
1012 1982 1090 2052 juris
1100 1982 1177 2038 iecit.
1187 1985 1420 2057 Quodpraeoipae
1432 1987 1461 2041 in
1471 1991 1531 2044 tam
1540 1987 1696 2060 multiplici
1704 1987 1841 2061 liturgia-

134 2077 274 2150 mysterio
290 2077 463 2150 primurnsc
488 2077 648 2148 principum
673 2075 789 2146 pondus
808 2073 962 2146 dignitatis
1017 2072 1843 2149 rumcopiaanimadvorterepossumus,queeadsubstan·

132 2183 168 2223 ac
191 2168 310 2222 virtutis
331 2182 542 2238 persummum
564 2163 662 2220 scelus
687 2162 830 2235 eripuere,
847 2162 902 2218 hoc
917 2165 962 2218 est
1016 2162 1087 2217 tiam
1097 2160 1844 2242 Eucharistiaeatqueineruantisacrifioiipertinent

131 2254 242 2311 realem
255 2255 439 2327 praesentiam
452 2253 566 2310 Domini
577 2268 683 2326 negare
698 2257 767 2308 suot
783 2252 858 2319 ausi,
870 2251 960 2324 Chry·
1016 2266 1081 2305 cum
1098 2251 1246 2324 Romane,
1262 2257 1291 2309 et
1306 2254 1486 2327 reliquarum
1501 2256 1697 2314 Ecclesiurum
1711 2257 1843 2330 liturgiis

132 2343 620 2416 sostomiseriptis,depositaomni
635 2339 794 2408 simultate,
808 2339 962 2412 diligenter
1015 2344 1043 2395 et
1053 2339 1188 2397 doctrina
1201 2343 1396 2399 consentiunt.
1404 2349 1540 2418 Syrorum
1552 2346 1843 2404 Jacobitarumlitur·

134 2432 296 2505 animoque
307 2432 420 2490 sincero
442 2431 596 2490 studeant!
610 2431 652 2487 lbi
662 2429 692 2485 in
703 2429 824 2486 meridie
834 2429 961 2501 positam
1016 2427 1095 2501 giem
1110 2429 1211 2485 audire
1228 2448 1306 2487 nunc
1316 2433 1409 2502 juvat
1423 2433 1555 2490 Varistae
1570 2436 1648 2491 enim
1664 2453 1784 2508 precum
1796 2452 1844 2492 su·

133 2522 332 2579 intuebuntur
348 2524 483 2579 Romane
500 2520 632 2579 Ecclesia
643 2520 679 2575 de
693 2518 878 2575 Eucharistia
895 2535 962 2574 sso-
1017 2517 1379 2590 perficieletentummodo
1390 2521 1549 2579 discrimen
1559 2522 1709 2595 importat.
1720 2525 1763 2580 lbi
1773 2541 1843 2581 can·

136 2611 272 2682 tentiam,
289 2618 319 2668 et
334 2613 483 2669 invenient
494 2609 661 2683 complures
677 2608 773 2664 missu
789 2608 894 2664 Graece
909 2624 962 2663 ce·
1019 2606 1112 2662 ticum
1130 2606 1346 2665 bachabatur:
1364 2610 1489 2682 Populus
1506 2618 1580 2681 tuus,
1597 2613 1715 2680 Christe,
1732 2613 1844 2669 henedi-

135 2701 296 2769 remonias,
320 2707 348 2757 ct
372 2702 544 2757 fractionem
569 2697 701 2771 corporis
724 2695 843 2764 Christi,
860 2700 892 2752 ut
907 2695 965 2752 alia
1017 2699 1076 2751 ctus
1092 2696 1228 2767 Christus,
1238 2700 1287 2769 qui
1300 2699 1612 2770 edificavitlicclesiam
1620 2717 1790 2774 euomeupcr
1801 2702 1846 2759 Si·

135 2790 282 2846 omittam.
300 2790 363 2846 Dixi
388 2791 501 2847 Grecos
517 2789 553 2845 ad
576 2785 815 2844 communionem
833 2786 964 2858 profiteri
1018 2789 1166 2859 mehemet
1181 2785 1267 2858 clepit
1278 2788 1429 2845 sacerdotes
1440 2789 1658 2846 addividendnm
1670 2793 1845 2863 ineceorpus

134 2897 223 2937 suam
240 2881 325 2937 fidem
342 2882 377 2936 de
390 2880 512 2937 veritate
523 2878 653 2950 corporis
665 2875 792 2933 Domini.
810 2876 840 2931 ld
855 2876 965 2932 coutir-
1018 2876 1044 2929 et
1059 2877 1223 2946 sanquinem
1237 2893 1329 2932 snum.
1344 2879 1375 2934 ln
1400 2880 1500 2936 timore
1515 2895 1613 2951 muqno
1627 2888 1702 2936 stunt
1715 2879 1845 2936 socerdo-

136 2971 279 3026 mundum
305 2986 407 3025 censeo
430 2969 601 3025 auctoritate
623 2965 767 3023 Theodori
790 2965 910 3021 studita
934 2964 965 3019 in
1019 2967 1058 3019 tes
1091 2980 1154 3020 cnm
1183 2964 1321 3033 diaconis,
1358 2970 1384 3023 et
1413 2967 1589 3024 distribuunt
1615 2985 1714 3040 eorpus
1739 2977 1850 3026 etsera-

136 3057 255 3130 dialogo
266 3058 342 3114 inter
353 3057 522 3114 haereticum
537 3061 566 3113 et
576 3056 770 3112 orthodoxum
787 3052 963 3109 scribentis:
1019 3053 1133 3122 quinem
1152 3052 1220 3109 Filii
1237 3055 1295 3110 Dei.
1312 3059 1379 3113 dues
1394 3064 1460 3124 tuse,
1476 3057 1596 3127 Christe,
1609 3062 1685 3114 stant
1698 3058 1734 3113 nd
1749 3060 1850 3114 ostium

137 3170 153 3198 a
171 3146 332 3216 Quomodo,
348 3148 390 3203 ait
403 3147 592 3215 orthodoxus,
608 3143 740 3218 appellas
754 3160 819 3215 que
834 3158 852 3198 a
866 3157 963 3198 sacer·
1021 3149 1118 3209 tuam;
1135 3143 1282 3199 comedunt
1295 3160 1404 3213 eorpus,
1420 3151 1446 3201 et
1469 3146 1565 3202 hibunt
1580 3148 1744 3218 sanquinem
1759 3151 1849 3218 tuum,

138 3238 207 3293 dote
222 3237 252 3291 in
275 3235 434 3309 hierologis
458 3236 609 3306 sacrisque
631 3232 750 3306 hymnis
774 3229 966 3287 tractantur?
1021 3239 1176 3303 canantque
1190 3232 1314 3305 ploricsm
1340 3232 1487 3290 diuinitati
1512 3239 1579 3291 tnae.
1602 3235 1680 3291 inira
1708 3235 1851 3292 Sacerdos

138 3325 311 3398 imaginem,
324 3323 628 3389 sonoritatem‘lQuod
651 3323 676 3378 si
688 3320 887 3394 imaginem,o
904 3335 967 3375 rem
1023 3320 1082 3375 uit:
1096 3321 1153 3390 Epo
1168 3336 1228 3376 sum
1243 3321 1329 3376 Panis
1344 3324 1419 3392 vitre,
1445 3322 1516 3378 dicit
1534 3325 1667 3378 Dominus
1682 3326 1786 3391 noster,
1801 3325 1852 3395 qui

126 3415 300 3471 ‘absurdam
312 3415 345 3470 lh
358 3413 542 3486 blasphemie
556 3413 586 3468 in
599 3409 811 3481 blasphemiam
821 3408 894 3464 ruis.
915 3408 967 3463 Sin
1023 3423 1058 3462 ee
1071 3408 1127 3464 olto
1155 3409 1185 3464 in
1209 3406 1308 3479 infimo
1332 3409 1469 3478 descendi,
1486 3414 1516 3466 nt
1541 3427 1591 3482 per
1603 3427 1647 3467 me
1673 3411 1792 3467 mundus
1803 3414 1848 3468 ui·

139 3511 241 3560 autem
252 3504 417 3573 veritatem,
427 3508 459 3559 ut
469 3506 641 3571 reveracst3
658 3499 754 3572 ipsum
768 3498 847 3554 enim
857 3512 968 3552 coneus
1023 3505 1081 3563 oet,
1096 3501 1164 3566 stc,
1192 3505 1219 3555 et
1233 3513 1293 3554 ecce
1306 3500 1399 3568 serunt
1420 3516 1465 3555 me
1484 3498 1614 3556 manibus
1627 3501 1686 3556 suis
1699 3499 1851 3557 secerdotes

143 3609 179 3648 er
195 3609 363 3649 suacensem
380 3598 483 3648 Donum
499 3590 611 3657 fideles,
629 3590 699 3645 dum
715 3595 848 3656 sumunt,
863 3585 969 3641 divine
1024 3587 1243 3658 superaltaria:
1260 3586 1388 3643 alleluiu.
1404 3588 1479 3643 Tum
1496 3589 1557 3645 hac
1573 3588 1629 3645 alia
1648 3589 1719 3645 dicit
1733 3590 1769 3647 de
1793 3589 1852 3646 vita

141 3682 224 3738 uocis
240 3682 413 3738 auctoritate
436 3695 653 3746 courrrnnrua3
670 3691 812 3750 quorsum
836 3672 969 3746 nugaris,
1021 3675 1085 3746 jam
1096 3675 1242 3731 defunctis
1255 3691 1262 3731 ι
1274 3677 1332 3745 lili,
1344 3677 1393 3749 qui
1411 3677 1588 3734 comederunt
1596 3694 1692 3750 eorpus
1702 3689 1780 3735 tuum
1789 3697 1853 3736 sun·-

142 3786 296 3830 vearrsrrs
321 3787 463 3827 ursmare
478 3771 514 3826 ud
532 3769 642 3842 figuras
658 3768 812 3824 traducens
828 3763 969 3833 tilteodcr.
1024 3771 1108 3834 ctum,
1124 3767 1150 3819 et
1164 3764 1320 3820 libaverunt
1335 3765 1499 3835 sanquinem
1519 3768 1600 3823 tuum
1614 3769 1727 3824 culicem
1741 3769 1850 3839 solertis,

144 3860 262 3926 studit,
278 3862 308 3916 in
321 3861 446 3916 Antirrh.
474 3860 486 3914 1
503 3857 564 3915 odo.
582 3859 759 3924 lacrumae).
785 3859 829 3911 lta
843 3851 892 3909 illa
913 3851 972 3909 cir·
1025 3869 1088 3909 cum
1103 3853 1240 3909 Abraham
1255 3855 1418 3911 recumbunt
1433 3855 1468 3912 ud
1483 3872 1609 3912 mersum
1623 3863 1711 3924 tuear,
1727 3856 1851 3913 Domine.

144 3948 220 4006 citer
234 3966 345 4005 annum
360 3947 464 4005 Christi
488 3947 552 4003 796.
568 3947 668 4018 Neque
679 3944 764 4000 aliter
778 3943 933 4000 senserunt
944 3942 973 3995 et
1027 3942 1180 4009 Sacerdos,
1196 3944 1266 3998 dum
1283 3944 1393 4017 trangit
1408 3943 1545 4010 hostiam,
1561 3949 1589 4001 et
1604 3945 1675 4000 dum
1691 3961 1796 4018 corpus
1807 3949 1853 4002 est

144 4037 237 4094 locuti
252 4041 322 4094 sunt
337 4038 425 4094 Greci
441 4041 542 4091 Patres
557 4035 585 4090 iu
599 4034 723 4091 coneilio
738 4032 865 4089 secundo
880 4030 972 4085 Nicer·
1028 4048 1117 4102 super
1130 4049 1236 4087 manus
1255 4033 1329 4104 ejus,
1344 4033 1415 4089 dicit
1431 4033 1505 4089 hunc
1520 4032 1692 4104 cretionem,
1708 4033 1768 4089 sivo
1783 4032 1852 4089 iidei

146 4145 194 4195 no,
210 4145 287 4184 anuo
312 4127 419 4183 Christi
434 4127 499 4192 787,
524 4126 595 4180 dum
611 4128 712 4180 contra
726 4123 845 4179 cosdem
870 4119 973 4175 lcouo-
1028 4121 1260 4193 professionem:
1286 4123 1322 4176 Tu
1337 4137 1365 4177 ee
1389 4121 1517 4178 Christus
1541 4123 1610 4178 Deus
1630 4129 1733 4191 noster,
1757 4124 1806 4194 qui
1821 4124 1852 4178 in

146 4218 255 4273 clasiae
266 4217 366 4273 aiunt:
381 4237 395 4267 α
407 4214 513 4270 Nullus
522 4213 678 4283 aliquando
687 4207 972 4281 tubarumspirttus,
1027 4213 1139 4267 uereliee
1153 4211 1478 4280 Golpothoinierusnlem
1489 4214 1642 4285 transfixus
1656 4214 1686 4268 in
1702 4213 1790 4269 tatere
1803 4219 1852 4269 tuo

145 4301 681 4375 sanctorumvidelicetapostolorum,
693 4299 909 4356 sutiliustrium
920 4295 974 4351 Pa·
1027 4308 1139 4371 propter
1161 4316 1220 4356 nos.
1246 4301 1281 4356 Tu
1305 4317 1332 4356 es
1347 4302 1440 4372 hynus
1460 4301 1521 4370 Dei,
1537 4304 1586 4375 qui
1608 4302 1683 4358 toliis
1709 4310 1851 4374 peccatum

144 4399 226 4452 trum
243 4399 422 4462 nostrorum,
440 4393 624 4448 incruentum
643 4389 819 4446 sacrificium
840 4396 974 4449 nostrum
1028 4389 1276 4458 mnndilupuree
1284 4389 1789 4463 delictisnostris,etdiruittepeeccto
1801 4408 1852 4449 no·

146 4485 222 4541 dixit
237 4484 394 4557 imaginem
409 4479 541 4554 corporis
555 4477 663 4537 Christi
678 4478 773 4550 (Corte.
790 4481 851 4536 uie.
868 4496 900 4549 n,
915 4483 974 4537 Act.
1028 4486 1097 4545 stru,
1113 4494 1215 4550 nosque
1232 4481 1367 4535 constitue
1379 4480 1415 4535 od
1427 4479 1567 4537 deserum
1582 4490 1670 4537 tuam.
1688 4481 1762 4538 Dum
1784 4498 1850 4554 par·

145 4573 185 4646 e).
200 4595 214 4624 n
227 4573 295 4630 Post
304 4571 463 4631 salvatoris
479 4570 568 4626 verba
580 4567 711 4623 subdunt
722 4584 753 4622 2«
769 4566 801 4623 iit
815 4584 871 4624 non
883 4570 975 4627 dixit:
990 4570 1015 4634 D
1030 4566 1152 4623 ticulum
1169 4568 1259 4624 mittit
1273 4568 1302 4623 in
1319 4570 1449 4637 calicem,
1467 4571 1527 4626 ait:
1544 4576 1627 4627 Pater
1641 4573 1776 4641 vemtctii,
1793 4586 1852 4627 eece

147 4661 279 4734 Accipite
294 4667 323 4718 ct
332 4660 477 4718 comedite
493 4657 652 4730 imaginem
668 4656 798 4728 corporis
813 4657 880 4727 mei,
894 4683 904 4707 ·
917 4664 973 4715 ete.
1028 4656 1117 4712 Filius
1132 4657 1306 4727 tuus,hostiu
1320 4659 1371 4714 tihi
1384 4658 1508 4730 placito:
1527 4660 1607 4715 iilum
1616 4660 1734 4730 suscipe,
1743 4660 1793 4729 qui
1799 4675 1851 4729 pro

146 4751 224 4824 Ergo
234 4751 347 4824 liquido
358 4752 594 4806 demonstratum
607 4746 739 4817 estquod
751 4762 903 4815 nunqnam
917 4753 973 4804 Do·
1029 4762 1072 4802 me
1084 4756 1207 4804 ritortnus
1220 4752 1271 4814 cst,
1282 4753 1310 4804 ei
1323 4765 1441 4821 perenm
1454 4759 1508 4806 esto
1518 4751 1664 4821 propitius.
1682 4752 1756 4803 Ante
1771 4763 1852 4804 com-

146 4843 260 4909 minus,
272 4840 315 4896 vel
327 4839 463 4912 apostoli,
480 4843 531 4894 aut
543 4837 654 4900 Patres,
665 4832 825 4906 imaginem
836 4836 974 4893 dixerunt
1030 4835 1199 4892 munionem
1214 4837 1287 4893 dicit
1299 4853 1305 4894 :
1315 4839 1418 4894 Praesto
1432 4839 1512 4906 mihi,
1527 4839 1657 4906 Domine,
1669 4840 1698 4892 nt
1712 4836 1852 4892 comedam

146 4929 325 4987 sacrificium
335 4930 533 4993 incruentum,
544 4925 622 4999 quod
635 4940 686 4996 per
695 4923 876 4980 sacerdotem
889 4925 973 4981 olior-

145 5020 624 5088 tur3sed1rsuucoaeusertrsuu
633 5029 834 5070 sircurana.»
844 5014 972 5087 Denique

146 5105 583 5178 depascetvinohlucharistico
593 5103 677 5159 aiunt
688 5117 695 5157 :
707 5104 891 5174 «Antequam
904 5120 972 5159 san-

146 5197 327 5268 ctificentur,
341 5204 443 5252 vocata
456 5198 527 5250 sunt
540 5191 612 5265 typi,
629 5193 695 5263 post
707 5189 973 5248 sanctificationem

147 5289 247 5342 autom
259 5302 382 5342 enorme
397 5299 507 5340 coneus
517 5298 552 5338 nc
561 5295 682 5336 seucum
694 5278 811 5334 Csmsrr
822 5279 973 5350 dicuntur,

147 5391 235 5441 auur,
247 5380 276 5431 et
290 5390 468 5430 casoanrun.
486 5394 501 5422 n
512 5369 598 5426 Hisce
609 5368 682 5424 udde
692 5384 757 5439 que
770 5365 899 5424 ioannes
916 5374 973 5426 Da·

147 5480 317 5534 maecenas,
347 5462 513 5535 alterapud
541 5459 656 5516 Grecos
680 5455 808 5513 Thomas
831 5459 973 5530 Aquinas,

146 5553 235 5626 longe
251 5558 318 5609 ante
333 5553 409 5608 idem
435 5549 592 5608 concilium
609 5547 759 5606 Nicaenum
775 5562 795 5600 11
816 5546 975 5619 scripserat

146 5644 185 5700 de
201 5643 395 5714 huchsrists(
413 5642 469 5697 tit.
486 5657 514 5697 tv
528 5639 561 5696 de
576 5637 651 5708 Fide,
666 5651 690 5692 e.
707 5634 751 5702 13,
767 5636 887 5694 omniuo
908 5652 975 5695 cou-

147 5731 478 5793 trariacalvinietarum
486 5726 663 5789 commentis
673 5741 681 5784 s
693 5740 757 5798 que
768 5724 811 5783 uti
819 5727 977 5788 notissima

1029 4927 1193 4992 lesonete,et
1200 4928 1451 4996 percontationem
1460 4924 1749 4998 tuipettuntarcmnio
1761 4942 1852 4997 provo

1027 5030 1090 5070 meo
1103 5012 1247 5084 desiderio,
1264 5020 1319 5072 eto.
1342 5015 1418 5072 Dum
1434 5015 1541 5087 accipit
1561 5014 1735 5087 particulam
1750 5030 1784 5070 ex
1801 5030 1851 5070 co·

1028 5102 1148 5172 ehleari,
1165 5105 1236 5160 dicit
1249 5122 1255 5160 :
1268 5106 1352 5162 teneo
1362 5117 1453 5178 epate,
1465 5105 1515 5178 qui
1528 5106 1652 5162 contines
1666 5104 1735 5175 fines
1750 5111 1851 5168 terrae:

1028 5200 1053 5249 te
1066 5191 1097 5248 in
1119 5194 1249 5250 munibus
1264 5193 1360 5266 haheo,
1384 5197 1432 5267 qui
1442 5198 1513 5267 repis
1526 5193 1670 5267 profundo
1695 5218 1703 5263 ς
1719 5202 1753 5262 te,
1769 5193 1851 5267 Deus,

1027 5297 1097 5354 pono
1126 5284 1187 5339 ines
1200 5299 1301 5353 meum,
1317 5287 1372 5340 etc.
1389 5282 1616 5340 Communioans
1631 5282 1729 5355 inquit
1740 5299 1747 5339 :
1759 5283 1853 5339 Porti·

1028 5372 1091 5428 culn
1100 5373 1297 5444 propitiatorio
1307 5372 1430 5445 corporis
1449 5379 1474 5428 et
1493 5371 1641 5442 sanguinis
1657 5371 1853 5428 christidolus·

1028 5476 1108 5517 seruc
1123 5461 1245 5533 infirmo,
1270 5467 1326 5518 eto.
1343 5462 1397 5530 Qui
1413 5461 1651 5517 communionem
1673 5461 1791 5533 accipit,
1808 5461 1853 5517 di·

1029 5549 1068 5606 cit
1082 5551 1177 5606 Arnen.
1192 5551 1335 5608 Sacerdos
1345 5556 1444 5608 antem
1459 5567 1594 5608 reversus
1605 5551 1640 5608 ad
1652 5549 1753 5618 altare,
1765 5549 1851 5627 dicit:

1031 5641 1147 5698 Domine
1160 5640 1223 5696 lesu
1240 5639 1359 5705 Christe,
1373 5655 1471 5712 eorpus
1480 5649 1560 5697 tuum
1574 5648 1713 5708 sonetum,
1723 5637 1795 5710 qnod
1808 5653 1854 5694 co·

1030 5727 1329 5803 medimm,stsonpnis
1337 5730 1623 5803 tuuspropitiutortm,
1634 5744 1714 5802 quem
1722 5727 1853 5801 bibimus,
