3960 6240
598 317 712 374 maru
730 318 892 376 suasori
910 319 1129 378 canonicos.
1662 325 1717 381 7⁴2

109 460 126 500 ι’
183 511 355 569 Suniericus
370 511 517 568 Scalabim
532 512 583 585 (oi,
600 512 647 569 cui
660 513 882 585 adversabatur,
896 516 1011 574 obtinet
1025 517 1184 576 civitatem.
1540 466 1582 506 ω’
1620 469 1650 508 *⁶
1669 468 1696 509 ⁰⁶

184 602 307 673 idatius,
321 601 372 676 qui
388 618 488 674 supra,
504 603 600 660 tribus
615 604 770 662 mansibus
789 605 967 678 captivitatis
981 607 1120 680 impletis,
1150 623 1251 664 mense
1266 607 1422 664 Novembri
1448 609 1501 682 (bi,

148 693 317 750 miserantis
333 692 496 765 belgrado,
513 697 616 751 contra
630 698 729 753 votnm
743 699 772 753 et
786 697 1002 754 ordinationem
1016 697 1254 771 supradictorum
1269 698 1434 755 delatorum
1452 698 1500 772 (a),

151 784 227 839 redit
243 783 278 838 ad
295 781 410 839 Flavias
424 781 475 854 (di.

188 873 228 929 lic
244 888 311 944 rege
324 871 508 928 'theudorico
523 871 612 946 legati
628 874 724 947 gentis
738 876 856 948 perlida
866 875 903 950 (e)
915 880 1112 933 revertuntur.

189 961 356 1018 Gaiserious
373 978 423 1017 rex
436 978 454 1018 a
467 962 627 1034 Maioriano
642 963 818 1036 imperatore
833 981 885 1036 per
898 964 1010 1038 legatos
1026 965 1156 1039 postulat
1169 982 1272 1038 paoem
1287 966 1332 1040 (().

193 1052 269 1107 118
286 1051 322 1122 (qi
339 1050 532 1121 Maiorianum
549 1054 585 1108 ds
600 1052 702 1110 Galliis
716 1058 839 1111 Romam
854 1054 1026 1112 redeuntem
1041 1059 1070 1112 et
1087 1061 1220 1113 Romano
1244 1056 1368 1129 imperio
1389 1057 1433 1114 vel
1451 1073 1503 1115 nc·

155 1138 225 1197 mini
238 1156 284 1197 ras
304 1140 486 1197 necessarias
500 1141 685 1198 ordinantem
701 1141 865 1216 Rechimer,
881 1143 972 1201 livore
987 1143 1118 1216 percitus
1132 1150 1161 1201 et
1182 1144 1350 1201 invidorum
1380 1146 1504 1203 consilio

156 1230 260 1298 tultus,
276 1230 380 1287 fraude
394 1230 536 1288 interficit
550 1231 780 1288 circumventum
793 1232 846 1306 (ti.

188 1321 387 1377 Romanorum
402 1320 472 1378 lttN
500 1320 653 1379 Severuse
670 1326 773 1380 senatu
791 1323 886 1379 Roma
902 1326 1055 1396 Augustus
1070 1323 1282 1399 appellatorii)
1297 1341 1374 1382 anno
1388 1324 1506 1398 imperii

157 1410 262 1465 Leonis
278 1409 391 1482 quinto.
1310 1433 1313 1440 ¹

199 1499 232 1571 (ji
247 1498 415 1555 suniericus
431 1498 506 1556 redit
534 1499 570 1556 ad
599 1498 719 1556 Gallias.
744 1500 936 1574 Nepotianus,
952 1503 1134 1561 Theudorico
1157 1502 1323 1574 ordinante,
1345 1504 1502 1561 arborium

157 1588 263 1660 accipit
278 1604 473 1645 succesorem.

196 1677 229 1732 ln
245 1676 394 1748 provincia
409 1677 551 1734 saliaria
567 1677 769 1752 prodigiorum
792 1679 930 1737 videntur
951 1682 1038 1754 signa
1058 1682 1185 1739 diversa.
1212 1682 1279 1738 AEra
1295 1683 1327 1754 D,
1352 1683 1387 1741 vl
1411 1682 1509 1740 Nonas

164 1767 377 1834 Martinam
394 1767 540 1838 pullorum
552 1773 638 1824 cantu
651 1768 686 1823 ab
700 1784 805 1825 occasu
821 1768 977 1840 solis,lnna
988 1771 1018 1827 in
1028 1771 1202 1843 sanguinem
1218 1771 1306 1844 plone
1319 1772 1509 1828 convortitur.

159 1857 240 1912 idern
255 1856 319 1913 dies
333 1861 416 1912 sexta
433 1856 505 1913 seria
519 1856 575 1913 tait
588 1857 646 1930 (89)
658 1856 709 1931 (lt).

213 1946 356 2002 Antochia
371 1946 465 2016 maior
477 1946 594 2002 Isauria
607 1945 664 2019 (97)
676 1948 709 2020 (Ι)
724 1945 896 2004 inobediens
912 1947 1033 2006 monitis
1048 1948 1227 2006 salutaribus
1241 1949 1303 2022 (mi,
1318 1953 1396 2005 terra
1414 1948 1511 2005 dehis-

161 2041 244 2092 cente
259 2034 439 2107 demergitur
452 2033 504 2108 (η).
533 2039 649 2092 tantum
665 2036 761 2108 ipsius
775 2037 903 2093 civitatis
918 2036 1090 2109 aliquantis,
1117 2038 1169 2111 qui
1195 2055 1240 2107 ea,
1268 2038 1461 2095 oboedientes
1475 2037 1509 2094 ti·

161 2124 233 2181 mori
247 2123 376 2191 Domini,
389 2127 460 2179 sunt
473 2124 578 2192 secuti,
594 2125 629 2182 de
646 2125 764 2182 interitu
794 2124 928 2184 liberatis
946 2127 1073 2184 turrium
1096 2127 1185 2184 etiam
1208 2126 1280 2184 solis
1304 2126 1509 2185 cacuminibus

159 2214 342 2270 exstantibus
371 2230 461 2285 super
475 2217 596 2270 terram.

197 2303 363 2359 Gaiaericus
384 2302 584 2360 Valentiniani
604 2303 736 2361 relictam
758 2304 1042 2378 Constantinopolim
1066 2305 1191 2363 remittit
1205 2304 1262 2378 (ut)
1277 2304 1325 2377 (oi.
1343 2303 1420 2361 Filia
1435 2321 1506 2377 sua,
1526 2322 1569 2362 111.

161 2410 220 2448 uua
234 2392 357 2448 Gentoni
372 2392 424 2464 (p),
439 2393 579 2450 Gaiserici
596 2393 656 2450 tilio
671 2394 739 2467 (92),
755 2394 812 2451 alia
826 2393 958 2466 Olybrio,
974 2395 1100 2453 senatori
1117 2395 1196 2457 urhis
1213 2395 1397 2466 Romaniure
1407 2395 1511 2451 matri-

160 2482 249 2538 monii
266 2481 452 2555 copulantur.

195 2570 374 2643 Agrippiana
389 2571 445 2641 (93)
460 2570 499 2644 iq)
513 2571 615 2631 Gallus
629 2575 659 2628 et
676 2587 775 2629 comes
789 2576 819 2628 et
833 2571 904 2628 civis
917 2572 1030 2645 AEgidio
1044 2571 1157 2640 comiti,
1181 2571 1243 2630 viro
1266 2570 1388 2647 insigni,
1414 2572 1509 2631 inimi·

160 2674 223 2728 cus,
239 2663 272 2714 ut
285 2658 446 2716 Gothorum
463 2666 626 2718 mereretur
639 2660 756 2732 auxilia,
771 2661 937 2719 Narbonem
950 2661 1074 2718 tradidit
1086 2660 1277 2718 theudorico.

109 2765 138 2805 u.
194 2748 1506 2826 (riAdversusAEgidiumicomitemutriusquammilitiaevirom,utlamacommendat,
1651 2756 1705 2812 l63

108 2853 241 2912 Scalabis
254 2860 323 2911 nota
337 2872 417 2913 nunc
427 2858 642 2915 estLusitania
669 2858 771 2918 civitas
787 2860 843 2917 sub
858 2865 1011 2930 Aperatcr
1023 2874 1075 2913 nur
1089 2858 1149 2914 rat.
1167 2857 1290 2915 Decemb.
1308 2857 1408 2915 itidem
1420 2857 1489 2915 huie
1505 2876 1585 2916 anno
1600 2860 1726 2935 alligant

109 2942 139 2983 re
153 2926 307 2983 Soatorem.
319 2927 475 2985 Ptolemae
490 2929 616 2998 colonia,
632 2931 728 2989 Plinio
745 2932 843 2989 muni·
900 2930 1147 3058 nuncugationem
1162 2928 1261 2986 Severi
1275 2928 1462 2987 Marcellinus
1475 2935 1505 2986 et
1519 2931 1723 3006 Cassiodorus,

109 3014 130 3054 n
145 2998 252 3054 civium
268 3003 467 3056 Romanorum
482 3001 547 3057 luit.
898 3017 988 3076 quam
1030 3016 1149 3057 avenne
1165 3001 1272 3057 iactam
1299 3001 1391 3058 luisse
1416 3002 1457 3058 ait
1481 3005 1591 3061 Marius
1607 3005 1724 3061 Auenti·

110 3073 210 3126 innon
226 3071 392 3128 clarissime
406 3073 535 3129 ostendit
550 3090 628 3131 nunc
644 3075 768 3144 idatius,
784 3093 847 3133 see
898 3073 1006 3131 oensis.
1023 3076 1060 3129 At
1074 3073 1186 3130 idatius
1201 3088 1248 3128 res
1262 3089 1315 3130 suo
1331 3075 1463 3146 tempore
1486 3080 1586 3147 gestas
1611 3082 1725 3148 narrat,

109 3142 172 3213 trio,
189 3159 245 3198 non
259 3148 357 3199 autom
374 3145 410 3200 ab
422 3144 542 3200 -Ootobri
557 3163 670 3202 annum
686 3147 844 3221 auspicari,
899 3162 957 3202 nou
974 3144 1015 3200 ita
1031 3161 1110 3201 nuno
1124 3145 1244 3201 Marius.

109 3221 379 3287 emenseaugusto
392 3216 428 3271 ad
445 3215 637 3274 Nouembrem
650 3221 846 3276 transeatsub
935 3217 969 3343 (ἢ
982 3217 1025 3271 Ad
1041 3215 1067 3272 si
1093 3215 1193 3272 teonis
1219 3231 1329 3272 annum
1356 3231 1483 3287 quocum
1500 3216 1637 3274 currebat
1664 3236 1727 3274 ara

109 3303 122 3341 n
139 3291 209 3342 nota
223 3286 429 3360 chronologica
453 3303 512 3360 qua
528 3288 544 3344 l
559 3305 670 3348 annum
694 3290 848 3364 Maioriani
900 3305 936 3344 vu
950 3287 1030 3361 garis
1045 3286 1208 3354 462,Saveri
1223 3287 1728 3363 annum2etAbrahami2i80pra·

108 3358 216 3413 navit?
901 3362 1001 3416 lerunt
1015 3358 1081 3414 libri
1103 3358 1183 3414 editi.
1213 3356 1270 3413 Sed
1297 3357 1395 3414 Severi
1423 3375 1519 3416 nantis
1535 3360 1548 3415 l
1564 3360 1612 3417 hio
1627 3363 1724 3418 consi·

109 3430 278 3496 Dictinium,
290 3429 459 3503 spinionern
475 3435 504 3486 et
519 3432 680 3489 Ascanium
696 3432 848 3506 intelligit,
901 3430 1039 3505 gnandus
1054 3433 1110 3496 est,
1126 3428 1286 3486 Abrahami
1312 3445 1379 3486 vero
1404 3430 1486 3498 2480,
1513 3432 1643 3490 seeundo
1659 3435 1728 3507 post

109 3520 126 3567 i,
141 3507 174 3556 ut
188 3509 321 3573 apparet,
344 3502 471 3557 maximo
485 3501 619 3559 infestos.
902 3520 990 3570 anno,
1004 3502 1081 3573 quod
1097 3517 1132 3559 en
1147 3501 1235 3558 dictis
1250 3517 1341 3573 supra
1356 3503 1555 3575 consequitur.

110 3571 424 3631 Moralasatttartana
448 3573 703 3631 Floriasinlriam
720 3574 848 3632 Flauiam
937 3572 1328 3647 (tiltxhooloooapparet,
1355 3573 1440 3628 idatii
1470 3573 1728 3649 chronologiama

109 3648 290 3710 nutaverunt,
307 3643 420 3728 decepti
436 3663 451 3701 a
467 3644 609 3703 liuderico
625 3646 777 3718 Toletano,
787 3647 848 3719 otri,
902 3644 1035 3701 librariis
1050 3643 1143 3700 luisse
1165 3643 1378 3726 perturbatam.
1393 3642 1466 3701 Vide
1489 3652 1589 3703 notam
1614 3648 1660 3718 89,
1677 3645 1728 3703 ubi

113 3716 176 3772 hac
189 3722 300 3772 narrat.
314 3716 439 3773 l'lavram
453 3733 502 3787 pro
515 3717 601 3803 Aquis
614 3719 719 3774 Flauiis
736 3719 848 3775 scribit.
904 3716 962 3773 alia
977 3715 1063 3771 ctiam
1079 3715 1222 3771 invenies.
1399 3786 1405 3797 .

109 3804 156 3844 rus
171 3789 262 3843 etiarn
281 3803 339 3843 non
355 3791 454 3859 Aquas
469 3788 581 3845 Flavias
598 3791 648 3844 sed
665 3790 768 3846 urbem
784 3791 849 3846 Fla·
877 3819 880 3822 ·
938 3788 969 3858 (l)
985 3787 1051 3843 lieo
1070 3785 1159 3843 dubio
1177 3784 1277 3858 procul
1293 3786 1469 3859 itascrrpeit
1482 3788 1595 3845 idatius
1607 3804 1614 3843 :
1626 3788 1727 3844 Actio·

109 3875 159 3916 lem
175 3860 346 3916 nominavit.
364 3859 489 3915 litorales
515 3867 544 3916 at
567 3860 698 3919 Mariana
722 3861 850 3919 idatium
902 3859 967 3914 ciria
981 3856 1097 3932 majoris
1112 3857 1202 3931 syria
1217 3857 1378 3914 inobediens
1392 3860 1504 3915 monitis
1521 3859 1727 3916 salutaribus...

109 3931 245 3986 riderent.
903 3930 1066 4003 aliquantis,
1100 3931 1132 3985 ui
1153 3946 1185 3986 eo
1208 3929 1337 4000 (mocrito)
1356 3929 1534 3988 obaudientes
1555 3931 1652 3987 timori
1673 3931 1728 3987 lio-

119 4002 278 4058 Suevorum
295 4001 406 4057 scilicet
421 4002 528 4073 gentis.
902 4005 985 4068 mini,
1000 4011 1055 4058 etc.
1073 3946 1142 4059 iqide
1158 4010 1256 4057 notam
1271 4000 1307 4056 99
1323 4018 1351 4055 n.
1369 4003 1394 4058 l.

109 4073 274 4131 Gaiserious
285 4074 418 4144 equidem
430 4074 644 4145 expeditionem
657 4075 808 4144 Maioriani
820 4077 850 4132 in
939 4075 989 4147 (m)
1006 4075 1073 4140 Quae
1084 4073 1195 4128 monita
1207 4074 1320 4128 dederit
1331 4072 1385 4128 hoc
1397 4077 1528 4146 tempore
1538 4071 1728 4131 antiochenis

110 4162 169 4212 am,
186 4147 300 4217 direpta
316 4145 396 4200 illiue
412 4144 505 4201 classe
532 4147 560 4201 in
589 4147 685 4203 littora
700 4147 852 4220 carthagi·
904 4146 1147 4203 sanctusSimoon
1159 4143 1603 4214 stylitavtaaeamdemnotam
1611 4144 1657 4215 90,
1668 4144 1727 4202 n.2.

109 4219 123 4283 l,
136 4218 368 4285 disturbaverat;
385 4218 435 4272 sad
447 4223 544 4273 tamen
562 4217 664 4275 lorlem
682 4225 850 4275 strenuum·
866 4225 889 4288 Β
941 4218 982 4288 (ni
998 4222 1036 4272 Do
1052 4232 1129 4272 anno
1154 4232 1211 4288 quo
1236 4215 1284 4271 hic
1309 4218 1393 4272 terra
1414 4223 1512 4274 motus
1528 4217 1664 4292 contigit,
1678 4233 1729 4275 ea·

109 4289 476 4417 [ahlllrpgbathrsiffiahmmi
492 4294 630 4362 emperat’
656 4291 780 4364 ideoquo
800 4307 851 4363 pa·
906 4291 978 4432 deig)
991 4286 1283 4416 {ffifflfflskudom
1299 4360 1429 4432 Auguste
1443 4361 1567 4419 remissa
1582 4364 1627 4417 cst
1637 4358 1729 4416 (ioas-

120 4377 236 4505 Vulgahi
248 4431 314 4487 libri
328 4405 382 4488 h'oc
396 4432 425 4488 in
437 4433 597 4489 loconotae
610 4432 853 4504 preferuntduas
905 4429 1114 4502 tantinopolim
1141 4428 1201 4485 illia
1222 4427 1350 4512 Placide·
1368 4436 1397 4487 et
1444 4432 1541 4490 uidem
1558 4432 1613 4490 hoc
1640 4447 1729 4503 anno,

116 4520 226 4561 aunum
249 4503 352 4560 Leonis
366 4506 503 4576 quintum
514 4508 544 4560 et
558 4504 687 4576 primum
707 4505 803 4561 Severi
814 4506 853 4560 si·
907 4503 983 4576 quod
1011 4517 1166 4629 Pilflmm.
1180 4505 1400 4584 negat‘Pngtus.
1416 4448 1490 4561 itia
1505 4509 1603 4561 notam
1616 4503 1663 4560 91.

109 4581 216 4633 cantes.
247 4574 353 4630 Verum
383 4576 468 4632 idatii
499 4581 658 4648 perpetuus
683 4583 855 4632 mosestut
943 4573 1052 4647 (pirllu
1089 4571 1730 4642 onerioo,atu'rrasrmundaaudactam,at-

109 4664 144 4704 us
160 4647 302 4719 principis
318 4664 410 4703 annos
434 4649 562 4716 adnotet,
588 4647 660 4717 quin
678 4647 759 4718 prius
774 4649 853 4719 eius·
907 4650 999 4702 teram
1011 4643 1146 4701 Eudoxias
1158 4642 1261 4710 liliam,
1275 4645 1414 4717 nupsisse
1424 4647 1583 4703 ailirmant.
1597 4646 1664 4702 Not.
1679 4644 1725 4702 92.

113 4719 370 4792 inaugurationem
396 4720 536 4774 enuntiet.
554 4720 641 4791 atqui
666 4719 707 4774 ita
731 4735 776 4775 res
791 4721 855 4792 ipsa
945 4717 982 4790 (q)
993 4716 1033 4773 De
1046 4715 1160 4789 AEgidio
1174 4719 1203 4770 et
1217 4716 1377 4789 Agrippino
1393 4733 1478 4790 agam
1496 4724 1564 4774 nuta
1578 4717 1625 4772 93.

109 4789 183 4860 alnt;
199 4807 264 4846 cnut
282 4807 439 4863 agnoscere
451 4794 577 4864 nequeat
588 4790 681 4847 lector
696 4792 853 4861 cuiusnam
943 4792 981 4858 (r)
994 4789 1147 4860 Explorate
1175 4786 1229 4842 has
1254 4792 1339 4843 notas
1365 4787 1420 4844 hoc
1441 4788 1505 4845 loeo
1535 4787 1646 4855 slssnxi,
1661 4785 1733 4842 licet

109 4863 176 4935 cipis
190 4862 332 4935 epocham
349 4861 568 4918 denotctnovus
579 4862 767 4933 numerus,si
780 4879 854 4918 non·
908 4877 957 4917 eas
972 4859 1108 4915 omittant
1136 4856 1243 4931 reliqui
1268 4858 1379 4931 vulgati
1403 4860 1487 4924 libri;
1510 4876 1577 4915 nam
1594 4863 1733 4939 utsupra

120 4951 213 4990 novus
229 4934 366 5007 princeps
381 4933 410 4988 in
426 4934 568 4991 Chronico
589 4937 737 5018 apparuit.
752 4933 855 4990 Prata·
908 4931 1118 4995 demonstravi,
1135 4946 1232 5011 annus
1262 4931 1274 4984 l
1300 4933 1396 4986 Severi
1426 4929 1734 5011 inscribendusiurti

109 5006 211 5062 :unctis
227 5011 304 5063 retro
325 5006 417 5077 princi
440 5005 508 5061 ibus
536 5005 718 5075 adjudicavit
744 5005 855 5062 idatius
909 5003 1071 5059 Sanierieus
1098 5001 1186 5068 retra·
1215 5016 1283 5056 oum
1311 5017 1343 5056 er
1364 5000 1593 5074 o§Ncpoticaua
1620 5000 1732 5067 recedat,

109 5094 144 5133 m
161 5077 244 5133 illum
261 5094 318 5149 quo
334 5076 394 5132 vita
416 5023 507 5133 tprrnmi
533 5081 614 5145 sunt,
630 5077 745 5134 etiamsi
770 5076 855 5133 initio
909 5074 958 5146 qui
975 5073 1068 5130 multo
1079 5077 1145 5155 post
1160 5017 1454 5157 sequitanagjectue
1471 5074 1509 5157 sit
1524 5090 1620 5129 annu
1635 5073 1653 5128 3
1672 5071 1734 5154 eiu·

110 5149 299 5206 excesserint.
332 5148 423 5218 igitur
437 5148 554 5204 unicam
568 5147 645 5204 hano
661 5155 759 5207 notam
774 5166 793 5203 v
807 5147 856 5204 hic
908 5147 991 5203 edom
1005 5151 1112 5214 Severi,
1130 5143 1237 5200 nullibi
1252 5143 1358 5200 melius
1380 5161 1468 5214 quam
1484 5149 1542 5200 rato
1560 5146 1622 5203 loco
1636 5159 1736 5202 consr-

109 5226 135 5287 t,
157 5237 259 5277 aunum
276 5221 414 5293 quintum
432 5218 533 5275 leonis
548 5223 577 5274 et
591 5220 741 5292 Maioriani
761 5220 855 5293 signi·
908 5218 991 5288 gnari
1009 5220 1103 5289 potest
1118 5213 1305 5272 annasillius
1319 5216 1356 5272 2:
1369 5217 1611 5287 prasertimcum
1623 5214 1735 5274 Marius

110 5297 181 5360 tem,
198 5293 248 5365 qui
265 5291 380 5347 labente
398 5307 475 5346 anno
487 5289 568 5345 obiit.
908 5288 1109 5345 aventicensis
1135 5286 1190 5342 hoc
1213 5286 1318 5369 Nigidii
1347 5304 1414 5343 rrum
1434 5288 1585 5345 Frederioo
1602 5288 1734 5360 pralium

118 5366 290 5435 Anonymue
301 5379 377 5435 sape
389 5361 537 5423 laudatus.
552 5360 607 5416 sub
618 5361 785 5420 oonsulibus
801 5362 855 5418 hu·
909 5359 965 5417 sub
980 5358 1153 5416 consulibus
1168 5359 1278 5414 Basilio
1301 5361 1331 5413 et
1350 5356 1484 5425 Vivisco,
1510 5362 1561 5432 qui
1588 5359 1643 5417 hoo
1658 5374 1735 5417 anno

109 5437 190 5492 ‚unit
216 5437 386 5508 Maiorianus
397 5435 535 5505 depositas
553 5436 592 5488 ert
618 5449 636 5488 a
648 5434 856 5505 patricioltici·
908 5431 1096 5488 consulatum
1120 5435 1287 5500 gesserunt,
1309 5429 1468 5512 contigisse
1496 5435 1631 5488 testetur.
1652 5430 1736 5498 Quod

119 5508 247 5565 amona
261 5523 288 5564 vr
304 5511 373 5563 Noc.
390 5508 470 5578 Aaq..
486 5505 626 5560 etoaeisue
640 5513 679 5560 cst
693 5504 728 5560 od
742 5507 857 5575 flaviam
909 5503 934 5559 si
950 5502 1019 5573 quis
1034 5500 1208 5574 praecedenti
1223 5500 1237 5573 ἓ
1255 5500 1423 5573 Aqnppaas
1450 5501 1503 5558 has
1533 5507 1618 5559 notes
1643 5500 1735 5585 ascri:

109 5596 189 5636 mvn
204 5580 267 5636 iriae
290 5579 414 5649 Arrqasti.
442 5576 627 5633 Cassidiorus
647 5577 853 5633 eurndeman-
911 5575 1103 5630 bendasesse
1126 5573 1206 5639 velit,
1237 5587 1294 5625 non
1320 5574 1480 5629 admodum
1506 5576 1693 5639 contendam,
1710 5587 1737 5626 sr

109 5691 116 5716 ,
132 5651 319 5707 Marcellinus
335 5650 471 5705 eumdem
487 5655 515 5703 et
531 5664 640 5702 annum
653 5646 786 5705 stlocum
804 5665 853 5704 ne·
883 5641 890 5663 ¹
912 5646 999 5702 modo
1014 5644 1087 5702 mihi
1103 5643 1280 5699 essentiatur
1295 5643 1378 5700 alteri
1396 5661 1430 5701 ex
1446 5645 1492 5700 his
1508 5647 1625 5703 dnobus
1641 5650 1670 5715 ,ti
1685 5659 1738 5698 eas

109 5722 245 5796 asignat;
261 5722 339 5777 diem
356 5726 459 5776 neuter
474 5718 621 5791 exprimit.
910 5716 1131 5792 consignandas
1142 5732 1217 5772 esse.
1233 5713 1267 5768 tet
1282 5728 1355 5773 sane
1369 5717 1467 5790 potuit
1481 5717 1619 5776 Narbona
1633 5712 1738 5775 Gothis

120 5792 162 5853 De
184 5794 289 5852 Severo
311 5792 389 5850 idem
404 5794 576 5867 anonymus
593 5806 600 5848 :
616 5792 733 5850 levatas
745 5795 785 5850 ert
798 5794 855 5852 tm·
910 5789 948 5847 ab
963 5787 1127 5869 Agrippino
1141 5785 1220 5846 tradi
1232 5783 1336 5844 eodem
1350 5788 1406 5847 hoo
1420 5805 1497 5848 anno
1512 5790 1575 5847 463.
